1705 2787
805 93 1063 135 —342—

227 189 508 244 sanguinem,
534 188 577 228 in
602 200 759 228 onmes
784 185 1049 242 reipublicae
1073 200 1204 228 venas
1224 186 1447 230 inducere.
1468 205 1489 229 ›>
1513 189 1643 242 Quae

225 259 390 306 omnia,
424 256 613 299 adducto
648 256 988 312 catholicorum,
1023 258 1100 314 qui
1135 258 1290 313 primis
1331 258 1550 302 Ecclesiae
1573 275 1642 303 ae-

223 329 387 373 atibus
424 328 688 382 floruerunt,
714 327 917 384 exemplo
949 327 1287 371 confirmantur.

314 415 407 455 194.
443 400 688 442 SCHOLION.
724 397 878 454 Religio
913 411 953 440 et
972 400 1099 455 pietas
1124 412 1244 455 sunt,
1271 413 1318 442 ut
1341 417 1392 444 ex
1416 401 1495 445 hac
1521 403 1636 447 thesi

220 471 372 527 liquet,
397 469 507 512 duae
532 470 724 512 maxime
749 470 1020 510 necessariae
1045 470 1246 512 virtutes.
1274 497 1326 501 —
1350 471 1417 514 Ad
1440 474 1639 529 priorem

218 542 409 598 pertinet
444 540 649 582 exhibere
685 539 858 582 cultum
893 541 1002 594 Deo,
1037 541 1183 596 primo
1209 542 1352 584 nostri
1376 557 1470 584 esse
1493 556 1535 586 et
1559 560 1638 601 gu-

217 613 487 656 bernationis
522 613 754 669 principiO.
791 639 843 643 —
879 611 946 654 Ad
981 613 1162 655 alteram
1198 614 1390 670 pertinet
1424 614 1631 659 exhibere

217 686 388 728 cultum
433 684 690 741 parentibus
726 696 768 726 et
802 685 980 741 patriae,
1031 684 1302 727 secundariis
1338 687 1479 728 nostri
1527 702 1636 745 esse,

215 770 256 800 et
291 756 628 813 gubernationis
662 756 907 813 principiis.

302 830 360 870 At
393 829 527 882 enim,
562 828 713 885 quaeri
747 839 907 884 potest,
942 827 1048 884 quid
1083 827 1321 884 agendum,
1347 827 1524 886 quando
1549 829 1630 872 hae

213 900 323 942 duae
358 901 559 954 virtutes,
594 898 733 953 religio
768 911 809 940 et
836 900 1031 956 pielczs,se
1066 911 1227 941 mutuo
1262 898 1514 955 impediunt
1547 915 1624 943 seu

211 972 401 1014 invicem
437 973 717 1028 repugnant?
753 996 805 1000 —
841 971 956 1012 Huic
999 971 1249 1026 quaestioni
1285 982 1401 1013 recte
1434 986 1467 1012 s.
1503 970 1627 1013 Tho-

210 1054 303 1082 mas
339 1039 411 1098 (Ι)
446 1038 698 1096 respondet,
733 1039 918 1095 negando
943 1040 1205 1095 suppositum.
1235 1056 1254 1079 α
1276 1040 1450 1098 Religio
1475 1054 1516 1084 et
1539 1043 1629 1099 pie—

210 1125 272 1155 tas
308 1125 413 1154 sunt
448 1112 558 1154 duae
592 1113 795 1154 virtutes.
831 1111 962 1153 Nulla
997 1123 1146 1154 autem
1181 1113 1319 1155 virtus
1364 1113 1437 1156 alii
1469 1115 1624 1158 virtuti

209 1186 506 1227 contrariatur
555 1198 631 1226 aut
680 1195 912 1241 repugnat,
962 1185 1063 1241 quia
1122 1184 1368 1227 secundum
1420 1185 1626 1230 Philoso-

207 1257 348 1314 phum
383 1257 471 1315 (2),
506 1256 654 1299 bonum
697 1271 777 1298 noaz
812 1264 865 1298 est
900 1255 1000 1296 bono
1050 1257 1323 1302 contrarimn„
1369 1256 1497 1300 Unde
1531 1273 1624 1301 non

206 1341 351 1386 potest
385 1344 493 1380 esse,
532 1327 651 1385 quod
686 1329 822 1384 pietas
857 1339 898 1368 et
923 1326 1079 1382 religio
1104 1342 1149 1368 se
1173 1339 1335 1369 mutuo
1359 1328 1620 1385 impediant,

206 1412 254 1443 ut
288 1412 467 1456 propter
501 1412 650 1442 actum
685 1400 816 1441 unius
851 1410 976 1440 actus
1008 1397 1188 1440 alterius
1223 1398 1494 1442 excludatur.
1532 1399 1621 1443 Cu-

203 1470 381 1513 iuslibet
415 1482 566 1512 autem
600 1471 775 1512 virtutis
811 1482 932 1512 actus
971 1469 1044 1527 (3)
1080 1469 1237 1512 debitis
1274 1471 1620 1514 circumstantiis

202 1541 433 1596 limitatur,
468 1556 574 1597 quas
610 1542 644 1582 si
670 1552 928 1597 praetereat,
954 1541 1041 1581 iarn
1067 1555 1156 1582 non
1182 1542 1263 1583 erit
1289 1542 1466 1584 virtutis
1492 1554 1615 1585 actus

203 1611 277 1653 sed
312 1612 417 1653 vitii.
454 1610 582 1653 Unde
616 1610 667 1653 ad
703 1613 910 1666 pietaten]
937 1612 1129 1666 pertinet
1154 1609 1352 1653 officium
1378 1624 1420 1654 et
1444 1612 1616 1655 cultum

203 1682 458 1739 parentibus
493 1682 698 1725 exhibere
733 1682 955 1724 secundnm
994 1681 1168 1724 debitum
1203 1682 1380 1726 modum.
1414 1683 1519 1726 Non
1554 1696 1619 1727 est

201 1767 349 1796 autern
384 1754 558 1796 debitus
594 1754 769 1809 modus,
805 1766 854 1796 ut
887 1753 983 1810 plus
1025 1753 1164 1795 homo
1199 1752 1350 1796 tendat
1383 1753 1435 1796 ad
1469 1754 1616 1797 colen-

201 1825 307 1868 dum
341 1838 526 1882 patrem,
562 1841 697 1883 quam
732 1825 782 1868 ad
809 1824 1048 1867 colendum
1074 1826 1235 1867 Deum.
1261 1824 1343 1867 Sed
1369 1826 1483 1867 sicut
1507 1826 1615 1869 Am-
1674 1827 1681 1840 ³

201 1897 373 1939 brosius
409 1897 480 1955 (4)
515 1898 633 1952 dicit,
678 1898 966 1939 mressitudini
997 1897 1156 1951 generis
1207 1897 1372 1938 divinae
1407 1896 1616 1953 religionis

192 1969 318 2023 pietas
354 1968 589 2025 ιι,ηῐι’]ὲί··ΐῐιι’,
626 1969 669 2010 Si
704 1983 810 2023 ergo
846 1967 990 2009 cultus
1016 1979 1255 2022 parentum
1279 1966 1504 2009 abstrahat
1530 1982 1612 2009 nos

197 2054 219 2079 a
253 2039 373 2081 cultu
410 2040 506 2093 Dei,
541 2041 628 2081 iam
662 2054 753 2081 non
789 2050 902 2080 esset
936 2037 1109 2094 pietatis
1143 2049 1381 2094 parentum
1406 2038 1610 2080 insistere

289 2279 338 2321 (r)
366 2280 449 2313 Istc.
478 2292 569 2314 nunc
599 2283 665 2320 cin,
696 2290 758 2314 art.
785 2292 816 2323 4.

288 2340 337 2379 (2)
367 2341 405 2374 In
432 2341 519 2373 libro
548 2342 590 2374 de
618 2342 922 2375 Praedicaxnentis
950 2352 1025 2386 cap.
1053 2341 1096 2374 de
1125 2352 1249 2385 oppos.

287 2399 342 2441 (ἧς)
372 2399 426 2432 Cf.
458 2411 484 2433 Ι,
515 2410 543 2432 2.
572 2412 603 2444 q.
633 2411 662 2444 7.
691 2413 721 2434 a.
751 2411 791 2441 2.,
820 2412 852 2444 q.
885 2401 936 2434 IS.
964 2413 994 2434 a.
1026 2411 1054 2444 3.

286 2458 337 2500 (4)
365 2459 478 2503 Super
504 2459 587 2492 Luc.
617 2470 644 2492 c.
678 2470 730 2493 ¹2.
