1705 2787
118 145 242 202 illati,
267 145 536 202 punitionem.
574 171 626 175 -
661 142 873 187 Defensio
908 142 1084 199 respicit
1119 142 1329 184 iniuriam
1364 142 1407 183 in
1427 140 1538 195 fieri,

121 228 163 258 et
196 214 339 258 tendit
372 213 425 257 ad
459 229 557 256 eam
591 212 920 271 impediendam
955 227 1009 254 ne
1043 211 1142 254 fiat:
1168 212 1343 268 punitio
1362 212 1541 268 respicit

121 287 292 329 crimen
320 281 414 328 ‘iam
447 297 766 342 perpetratum,
803 297 845 327 et
878 284 1020 328 tendit
1054 282 1106 326 ad
1140 281 1248 326 illud
1273 281 1541 340 expiandum

121 358 167 399 in
201 368 393 410 sontem,
429 355 506 412 qui
539 355 683 397 scelus
724 356 1006 412 perpetravit.
1055 354 1267 398 Defensio
1314 352 1456 397 tendit
1490 353 1541 396 ad

122 426 410 471 retinendum
445 425 615 469 bonum
660 428 910 483 proprium,
945 438 986 469 et
1036 425 1220 483 proinde
1254 425 1326 468 ille
1360 425 1436 482 qui
1469 423 1541 468 de-

114 499 319 542 fensione
368 499 508 541 utitur
558 513 649 540 non
695 497 885 541 intendit
932 498 1100 541 malum
1150 497 1384 555 physicum
1419 496 1540 554 quod

118 570 370 627 aggressori
403 568 551 625 infert,
585 568 659 611 sed
694 570 937 626 permittit:
962 570 1137 626 punitio
1162 568 1303 611 tendit
1326 568 1539 626 primario

120 641 172 685 ad
206 639 503 684 obtinendum
539 639 709 683 bonum
753 641 1089 683 restaurationis
1140 639 1308 683 ordinis
1342 640 1538 695 moralis,

119 728 255 772 quem
289 713 458 755 crimen
492 710 780 769 perturbavit,
816 725 856 754 et
891 712 1077 769 proinde
1112 712 1182 755 ille
1217 713 1292 769 qui
1327 712 1455 769 punit
1474 712 1539 755 in·

124 784 265 828 tendit
299 784 469 827 malum
503 782 740 841 physicum
775 784 896 841 quod
931 800 1005 827 reo
1051 784 1197 841 infert,
1232 800 1323 827 non
1358 783 1540 841 quidem

118 870 165 901 ut
203 857 355 913 finem,
389 855 464 899 sed
500 868 547 898 ut
581 851 783 898 medium
817 856 868 899 ad
903 856 1011 899 illud
1047 856 1436 914 redintegrationis
1463 858 1538 900 bo-

90 945 230 972 ⁴num
266 927 579 971 obtinendum.
614 926 826 971 Defensio
861 944 952 971 non
987 930 1306 986 praesupponit
1325 945 1444 987 eum,
1463 931 1539 987 qui

120 1002 243 1045 illam
278 1013 467 1057 exercet,
486 999 647 1043 habere
671 1001 984 1043 auctoritatem
1010 1016 1085 1043 seu
1112 1000 1468 1045 iurisdictionem
1493 1004 1537 1046 in

118 1074 325 1128 alterurn,
360 1073 430 1115 cui
464 1072 632 1115 malum
676 1071 831 1115 infert:
879 1073 1053 1129 punitio
1089 1088 1110 1114 e
1145 1075 1370 1117 contrario
1404 1074 1537 1117 talem

117 1145 477 1202 superioritatem
521 1143 776 1200 praeexigit.
812 1169 863 1174 —
899 1144 1141 1186 Restitutio
1192 1160 1267 1187 seu
1317 1147 1536 1203 reparatio

118 1215 285 1271 damni,
319 1214 390 1258 illa
425 1215 558 1257 etiam
598 1229 709 1272 quae
744 1229 765 1256 a
800 1214 915 1257 civili
966 1216 1228 1259 auctoritate
1272 1218 1535 1274 imponitur,

117 1288 341 1330 actionem
368 1287 633 1329 iniuriosam
659 1285 925 1341 considerat,
951 1299 1084 1342 prout
1108 1302 1154 1329 ea
1180 1300 1244 1331 est
1269 1288 1402 1332 laesio
1427 1290 1535 1332 iuris

117 1359 262 1413 alieni,
298 1370 339 1401 et
372 1370 495 1400 actus
530 1371 595 1400 est
629 1359 823 1400 iustitiae
858 1360 1218 1403 commutativae,
1254 1361 1435 1405 Punitio
1460 1377 1535 1404 au-

118 1445 209 1474 tem
243 1431 465 1472 actionem
499 1430 764 1472 iniuriosam
800 1442 981 1487 spectat,
1016 1444 1149 1488 prout
1184 1448 1229 1474 ea
1265 1446 1329 1476 est
1354 1434 1535 1477 violatio

119 1504 226 1560 legis
262 1514 303 1544 et
333 1514 619 1559 contemptus
664 1501 945 1558 legislatoris,
980 1515 1020 1545 et
1057 1516 1178 1546 actus
1228 1517 1293 1547 est
1340 1506 1535 1549 iustitiae

118 1574 423 1629 vindicativae,
458 1589 568 1631 quae
603 1589 728 1616 secus
763 1589 809 1616 ac
845 1575 1164 1617 commutarim
1198 1578 1438 1633 praeexigit
1463 1593 1535 1620 su-

117 1647 420 1704 perioritatem
454 1646 499 1688 in
533 1661 651 1701 eum,
686 1646 729 1688 in
765 1661 898 1703 quem
934 1659 1161 1688 exercetur
1195 1646 1281 1705 (Ι).

211 1718 304 1775 187.
340 1719 715 1761 DEMONSTRATIO.
758 1717 889 1761 Civili
932 1718 1186 1760 auctoritati
1220 1721 1432 1775 competit
1467 1720 1534 1762 ius

118 1789 423 1834 malefactores
459 1788 515 1831 ob
550 1802 799 1847 perpetrata
842 1790 1028 1831 crimina
1078 1790 1305 1846 puniendi.
1351 1792 1416 1833 De
1450 1791 1534 1833 illis

117 1874 267 1905 autem
301 1859 562 1903 criminibus
597 1875 745 1903 sermo
780 1874 857 1906 est,
908 1877 1018 1918 quae
1053 1863 1141 1903 sint
1175 1863 1534 1918 perturbationes

119 1931 289 1976 ordinis
324 1931 505 1988 publici,
540 1948 615 1975 seu
642 1945 847 1975 externae
873 1933 1021 1989 legum
1049 1934 1245 1977 civilium
1270 1936 1533 1978 violationes

117 2005 247 2049 alicui
282 2016 510 2062 tamquam
535 2006 707 2047 auctori
742 2005 968 2047 moraliter
996 2005 1294 2062 imputabiles.
1321 2007 1388 2050 Ad
1423 2007 1534 2050 hanc

122 2076 286 2119 thesim
311 2075 586 2133 probandam
621 2076 856 2133 multiplici
892 2090 1018 2133 pacto
1052 2079 1299 2134 arguimus.

209 2148 239 2190 I.
275 2149 520 2203 Arguimus
556 2164 576 2190 a
612 2150 775 2191 minori
812 2149 860 2192 ad
898 2151 1054 2193 maius.
1096 2178 1142 2182 ——
1169 2151 1211 2193 Si
1238 2152 1537 2209 iuspuniendi

190 2433 234 2463 τι)
263 2425 316 2458 De
344 2425 397 2459 liis
426 2427 494 2459 iam
525 2427 687 2461 diximus.
725 2427 794 2462 ml.
827 2429 863 2461 11.
895 2441 971 2478 pag.
1004 2442 1060 2469 ow.
