1705 2787
791 67 1021 108 —14—

196 163 316 204 sociis
349 161 503 204 dictum
537 172 612 211 est,
644 159 683 203 id
717 160 766 203 de
800 161 859 213 iis,
884 161 952 216 qui
977 159 1158 202 humana
1179 158 1337 216 pollent
1360 161 1617 213 auctoritate,

196 246 252 275 est
286 247 417 288 aequo
451 233 534 274 iure
571 231 898 287 intelligendum.
932 231 1072 287 Itaque
1104 230 1297 273 naturalis
1328 232 1500 274 societas
1525 230 1615 274 talis

197 305 374 360 primuni
409 304 546 359 incipit
579 318 676 354 esse,
712 301 874 357 qualem
908 314 1050 344 natura
1083 317 1174 344 eam
1206 302 1382 358 incipere
1421 301 1616 355 decrevit,

196 374 285 416 talis
330 375 461 429 pergit
504 389 602 425 esse,
647 372 813 428 qualem
855 384 997 414 natura
1039 387 1131 414 eam
1162 387 1420 428 perseverare
1457 373 1618 415 consti--

194 446 270 486 tuit
291 443 372 501 (Ι).
397 444 520 495 Haec,
543 459 646 499 quae
670 442 718 485 de
741 444 934 484 societate
957 442 1129 485 naturali
1158 442 1350 495 diximus,
1372 457 1457 485 non
1489 458 1617 500 aeque

197 518 369 559 omnino
417 517 667 557 conveniunt
718 515 764 557 iis
813 514 1087 568 societatibus,
1137 530 1241 571 quae
1287 530 1373 557 non
1405 527 1498 557 sunt
1544 531 1618 558 na·

195 587 342 630 rurales
373 585 453 643 (2).

284 659 350 700 HI.
386 658 567 699 Societas
600 657 796 700 dividitur
828 658 869 699 in
902 657 1099 714 aequalem
1132 668 1171 698 et
1213 657 1468 713 inaequalem.
1501 657 1615 699 Haec

195 731 310 772 tertia
344 729 493 772 divisio
526 745 577 771 ex
613 730 790 785 inspecta
822 728 963 770 sociali
1000 729 1229 771 minoritate
1271 727 1510 771 desumitur.
1543 728 1618 771 So-

195 803 317 844 cietas
349 813 407 843 est
439 801 622 857 aequalis,
655 800 823 857 quando
856 801 1075 842 auctoritas
1112 799 1260 843 residet
1298 801 1339 841 in
1375 812 1462 842 tota
1492 800 1617 842 socie-

194 885 273 914 tate
306 871 534 923 collective,
567 887 637 913 seu
672 872 713 912 in
744 883 838 913 toto
872 872 1085 913 sociorum
1118 883 1253 913 coetu.
1286 871 1356 913 Est
1388 870 1615 928 inaequalis,

195 942 360 999 quando
393 943 611 985 auctoritas
643 958 732 984 non
764 944 805 984 in
855 941 1048 984 omnibus
1096 941 1311 984 collective
1354 940 1514 994 residet,
1547 940 1617 984 sed

195 1016 235 1056 in
267 1029 345 1055 una
378 1013 443 1055 vel
481 1012 662 1069 pluribus
710 1014 911 1070 personis,
962 1013 1106 1069 quibus
1155 1014 1278 1055 ceteri
1320 1011 1618 1055 subiiciuntur:

198 1083 428 1126 cuiusmodi
463 1095 521 1125 est
553 1085 724 1125 societas
763 1083 1004 1127 domestica.

283 1154 345 1196 De
377 1155 571 1196 societate
605 1154 766 1211 aequali
798 1154 897 1197 illud
931 1169 1026 1196 cum
1062 1153 1306 1210 Tongiorgi
1336 1152 1406 1211 (3)
1437 1151 1620 1195 animad-

196 1226 297 1267 verti
328 1236 476 1280 potest,
510 1226 799 1267 auctoritatem
832 1226 874 1266 in
905 1240 951 1267 ea
983 1225 1162 1285 eserceri
1184 1239 1271 1266 non
1290 1238 1424 1280 posse,
1448 1223 1524 1265 nisi
1545 1238 1616 1279 per

194 1296 498 1337 unanimitatem
533 1295 693 1346 realem,
727 1310 855 1351 quum
889 1310 1038 1351 nempe
1073 1309 1217 1336 omnes
1240 1293 1352 1337 idem
1370 1294 1549 1336 sentiunt
1571 1307 1618 1335 ac

195 1366 432 1419 decernunt,
467 1378 533 1408 aut
564 1382 635 1423 per
668 1367 974 1409 mianimitcztem
1006 1365 1266 1422 artificialem,
1298 1381 1427 1422 quum
1468 1379 1618 1421 nempe

196 1452 340 1479 omnes
371 1438 618 1479 unanimiter
651 1438 691 1479 in
723 1438 813 1494 ipso
841 1438 1045 1479 societatis
1077 1436 1264 1490 exordio,
1298 1447 1434 1492 aperte
1464 1434 1532 1478 vel
1562 1446 1619 1477 ta-

194 1632 281 1664 quae
308 1619 454 1655 facultas
482 1622 637 1655 maxime
664 1621 830 1655 naturalis
858 1630 920 1662 est,
948 1622 1058 1666 parari
1087 1630 1120 1655 et
1147 1620 1299 1654 obtineri
1325 1620 1475 1653 minime
1493 1619 1615 1664 possit.

194 1679 288 1713 istud
316 1692 400 1713 vero
430 1680 648 1725 apertissime
675 1688 770 1725 patet
797 1681 832 1713 in
860 1681 1040 1726 coniugio:
1067 1692 1181 1725 neque
1213 1680 1309 1713 enim
1340 1679 1522 1724 quisquam
1553 1689 1615 1711 ne-

196 1739 329 1783 gaverit
356 1740 512 1785 coniugii
540 1747 669 1773 statum
697 1739 894 1774 naturalem
921 1740 1050 1773 merito
1077 1740 1157 1780 dici,
1183 1738 1267 1773 licet
1293 1738 1499 1784 coniugium
1525 1749 1617 1772 non-

195 1797 260 1830 nisi
286 1796 379 1831 facto
406 1798 577 1838 humano,
602 1809 664 1831 seu
692 1798 755 1831 viri
782 1798 1008 1843 mulierisque
1035 1809 1222 1838 consensu,
1249 1797 1427 1830 habeatur.
1455 1797 1616 1842 »Itaque

195 1857 344 1890 societas
371 1857 567 1903 coniugalis
593 1858 749 1903 itemque
777 1858 892 1891 civilis
920 1866 971 1892 est
997 1857 1174 1898 naturalis,
1202 1865 1277 1890 tum
1304 1857 1383 1902 quia
1408 1855 1480 1889 eius
1500 1865 1617 1889 essen-

195 1916 290 1949 tialia
315 1917 543 1950 constitutiva
570 1929 644 1951 non
671 1917 826 1962 pendent
852 1929 872 1950 a
898 1917 1006 1951 libera
1032 1916 1321 1950 contrahentium
1340 1914 1534 1955 voluntate,
1551 1914 1615 1948 sed

195 1975 236 2008 ab
264 1975 336 2019 ipsa
362 1984 484 2009 natura
511 1975 806 2017 determinantur,
832 1984 908 2009 tum
936 1976 1016 2021 quia
1045 1983 1096 2009 est
1124 1987 1143 2008 a
1178 1982 1301 2008 natura
1335 1973 1428 2019 quod
1463 1973 1617 2007 societas

197 2034 390 2078 coniugalis
417 2035 574 2079 itemque
602 2035 712 2069 civilis
738 2036 829 2069 inter
856 2036 1022 2069 homines
1049 2035 1210 2068 existant.

244 2093 299 2137 (ι)
326 2094 366 2127 In
392 2093 617 2138 philosophia
644 2095 745 2128 nobis
771 2106 890 2129 sermo
916 2106 990 2128 non
1017 2103 1068 2128 est
1095 2094 1138 2128 de
1157 2093 1326 2128 societate
1344 2091 1618 2138 supernaturali,

196 2152 256 2186 sed
284 2153 538 2186 tantummodo
565 2153 608 2187 de
636 2155 809 2188 societate
837 2155 1003 2188 naturali.
1035 2154 1129 2188 Tum
1149 2154 1299 2188 societas
1333 2150 1617 2198 supernaturalis,

196 2220 271 2245 tum
298 2212 447 2245 societas
475 2212 642 2247 naturalis
669 2222 748 2247 sunt
775 2225 794 2247 a
820 2215 913 2256 Deo3
939 2214 999 2248 sed
1027 2214 1114 2247 haec
1142 2222 1193 2247 est
1226 2224 1246 2246 a
1282 2212 1363 2246 Deo
1402 2215 1439 2245 nt
1477 2215 1615 2245 auctore

198 2274 354 2310 naturae,
382 2279 414 2303 et
442 2270 574 2303 idcirco
602 2271 729 2305 dicitur
755 2272 932 2306 naturalis:
960 2271 1019 2305 illa
1044 2280 1095 2306 est
1121 2283 1140 2305 a
1166 2272 1247 2305 Deo
1267 2275 1304 2304 ut
1321 2274 1460 2305 auctore:
1485 2268 1615 2303 ordinis

194 2328 332 2362 altioris·
358 2333 486 2362 natura
511 2333 541 2361 et
569 2333 714 2363 naturae
740 2331 892 2372 indebiti,
912 2340 1015 2376 atque
1033 2331 1164 2364 idcirco
1184 2330 1309 2364 dicitur
1332 2327 1614 2375 supernaturalis.

267 2388 322 2432 (2)
349 2386 404 2421 Cf.
432 2388 617 2429 Schrader,
644 2398 839 2423 comment.
864 2391 934 2431 cit„
957 2391 998 2423 ab
1024 2390 1137 2424 initio.

272 2447 329 2492 (3)
355 2448 434 2481 Eth.
462 2459 559 2481 num.
586 2458 666 2490 424.
699 2460 792 2495 seqq.
