1705 2787
773 142 824 146 -—
862 124 947 173 204
983 143 1034 148 —-

196 218 264 263 luc
301 233 449 264 [anien
483 236 573 264 tuni
607 233 753 278 potest
788 237 885 264 eant
920 239 1121 266 exercere
1154 226 1239 268 insi
1272 240 1347 282 per
1381 233 1488 269 suos
1528 227 1610 271 lni-

195 293 374 349 nistros,
399 293 490 349 qui,
510 307 635 335 secus
659 308 706 335 ac
730 294 823 350 ipse
847 309 922 337 rex
940 294 1008 337 vel
1026 310 1215 352 praeses,
1250 295 1301 339 de
1325 298 1417 339 suis
1441 297 1611 341 actibus

195 379 269 405 seu
305 362 356 406 de
390 362 527 405 modo
561 363 678 420 leges
714 362 964 422 iudiciaque
989 365 1258 423 exsequendi
1278 368 1497 410 rationem
1517 367 1612 411 red-

195 433 295 477 dere
320 433 479 477 debent
503 432 646 492 (sunt,
667 446 714 476 ut
732 432 816 476 dici
835 434 962 491 solet,
981 436 1298 496 responsabiles)
1321 438 1611 495 optimatibus

195 518 235 547 et
269 503 506 561 deputatis,
540 520 561 547 a
601 503 762 562 quibus
806 518 995 562 possunt
1038 505 1224 549 iudicari
1273 520 1314 550 et
1357 510 1522 565 puniri.
1558 535 1610 540 ——

195 577 454 633 Descriptus
503 575 664 619 modus
714 588 981 633 potestatem
1014 579 1275 634 praesertim
1321 578 1611 636 legislativam

195 646 427 689 exercendi
461 660 525 689 est
559 646 782 690 character
816 649 1024 705 proprius
1058 664 1135 691 seu
1169 651 1348 706 proprkt
1393 665 1496 694 nota
1531 667 1612 709 gu-

197 717 338 761 bernfi
377 733 454 761 seu
490 716 1152 762 finnnaeconsntunonahs.1n
1177 719 1610 765 hunczusteniadhb

198 789 324 832 betur
358 787 496 831 finem
520 802 562 832 et
585 804 787 846 scopum,
812 801 861 832 ut
885 788 1174 847 impossibilis
1199 789 1405 834 reddatur
1424 793 1615 835 auctori-

198 861 299 903 tatis
333 859 514 903 abusus.
549 886 603 892 —
638 861 704 904 En
740 859 881 904 brevis
930 859 1213 904 adumbratio
1247 860 1416 905 formae
1450 864 1615 906 consti-

199 932 428 975 tutionaiis
471 931 558 991 (1)⁷
607 948 720 990 quae
763 933 825 975 sic
859 931 1119 990 appellatur,
1154 933 1256 989 quia
1306 949 1493 977 munera
1537 950 1614 977 seu

199 1017 343 1062 partes
392 1004 750 1062 uniuscuiusque
801 1021 852 1047 ex
894 1004 980 1046 illis
1028 1005 1246 1060 personis,
1281 1021 1392 1062 quae
1437 1005 1615 1049 divisim

198 1075 335 1119 modo
370 1075 591 1133 descripto
615 1088 819 1119 exercent
842 1090 1100 1133 supremam
1124 1077 1450 1134 auctoritatem,
1474 1079 1614 1120 conti-

199 1160 363 1191 nentur
396 1148 441 1191 in
476 1146 626 1190 codice
670 1147 821 1204 legum
864 1145 1285 1203 fundmnentahum,
1335 1149 1411 1205 qui
1453 1147 1614 1192 dicitur

198 1221 424 1265 constnznio
458 1235 535 1263 seii
571 1228 761 1262 stantmtnt
793 1219 880 1278 (2).

288 1292 407 1334 Haec
440 1290 584 1333 forma
618 1290 997 1333 constitutionaiis
1043 1306 1134 1333 non
1169 1303 1233 1333 est
1270 1306 1383 1333 nova
1416 1288 1562 1333 forma
1595 1304 1617 1333 a

199 1364 355 1407 ceteris
389 1362 608 1407 distincta.
644 1363 861 1418 Quaeres,
895 1360 948 1404 ad
991 1378 1127 1419 quam
1176 1378 1227 1405 ex
1261 1361 1418 1405 formis
1452 1364 1497 1405 in
1531 1362 1612 1405 hac

200 1435 314 1480 thesi
338 1435 611 1479 enumeratis
635 1435 859 1492 pertinet?
883 1460 935 1464 —
960 1434 1115 1477 Plures
1140 1433 1235 1477 fieri
1268 1446 1458 1491 possunt
1477 1433 1617 1492 hypo-

200 1586 412 1594 1——

297 1671 353 1716 (1)
382 1683 397 1702 α
424 1672 561 1716 Scopus
607 1679 671 1713 cst,
699 1679 734 1703 ut
775 1668 1004 1714 impossibilis
1045 1668 1212 1703 reddatur
1250 1667 1438 1713 potestatis
1478 1664 1619 1701 abusus..

204 1731 363 1766 Medium
391 1731 545 1777 denique
585 1730 712 1765 divisio
754 1729 978 1764 functionum
1017 1729 1217 1763 auctoritati
1255 1727 1548 1772 competentium3
1578 1740 1619 1761 ex

204 1804 274 1838 quo
301 1800 425 1826 mutua
453 1803 575 1825 earum
614 1790 779 1825 limitatio
819 1791 963 1825 oriatur.
990 1790 1080 1824 Hinc
1108 1788 1261 1834 collegio
1288 1788 1524 1834 deputatormn
1553 1799 1619 1833 op·-

202 1853 346 1897 ponitur
373 1852 566 1897 coliegiuin
593 1852 810 1898 optimativm·
839 1859 872 1884 et
900 1850 1069 1895 utrisque,
1108 1860 1152 1882 ne
1180 1848 1316 1893 legibus
1336 1848 1529 1881 sciscendis
1558 1859 1620 1881 ex-

202 1912 400 1947 secutivam
425 1920 646 1957 potestatem
672 1911 868 1952 destruant,
896 1909 1120 1944 obstaculum
1149 1909 1351 1953 adiungitur
1383 1908 1503 1953 regiae
1536 1919 1619 1941 san-

205 1972 350 2014 ctionis,
372 1983 463 2017 quae
506 1972 550 2005 ad
591 1970 690 2017 leges
732 1970 926 2004 firmandas
964 1969 1168 2014 requiritur.
1206 1968 1371 2001 Potestas
1416 1967 1620 2001 exsecutiva

205 2031 335 2065 limites
356 2031 482 2075 accipit
499 2039 644 2075 propter
661 2029 1002 2076 responsabilitatenz,
1019 2039 1087 2073 qua
1104 2027 1256 2061 Ministri
1275 2027 1452 2060 rationem
1471 2026 1620 2060 reddere

207 2100 373 2125 tenentur
398 2091 567 2135 potestati
594 2088 817 2135 legislativae
844 2089 886 2122 de
913 2089 966 2130 iis,
995 2098 1086 2133 quae
1113 2095 1315 2131 operantur3
1339 2097 1358 2119 a
1377 2097 1446 2130 qua
1470 2085 1620 2130 proinde

206 2149 352 2183 iudicari
372 2158 405 2183 et
431 2149 546 2193 puniri
563 2157 726 2193 possunt.
740 2148 811 2181 Sed
838 2160 883 2182 ne
903 2146 1037 2181 functio
1055 2145 1113 2180 ilia
1131 2144 1317 2190 potestatis
1333 2144 1445 2178 nimio
1463 2143 1620 2189 periculo

209 2217 414 2253 exponatur,
443 2208 518 2241 eius
545 2217 660 2252 caput,
687 2218 817 2252 nempe
843 2218 915 2248 rex,
944 2205 1146 2239 inviolabile
1185 2204 1333 2238 omnino
1372 2203 1422 2238 fit.
1449 2205 1623 2238 Attamen

207 2279 270 2313 per
296 2279 335 2301 se
361 2266 451 2301 nihii
463 2266 580 2301 facere
594 2275 713 2312 potest
731 2267 807 2300 sine
827 2277 1005 2300 consensu
1024 2265 1280 2298 ministrorum.
1299 2277 1314 2295 ι)
1332 2263 1384 2298 Ita
1402 2263 1620 2306 Liberatore‚

208 2328 263 2361 ius
289 2339 365 2361 soc.
389 2338 424 2361 n.
451 2337 505 2371 70.

280 2386 337 2431 (2)
366 2386 480 2421 «Une
507 2394 613 2428 carte,
640 2397 688 2420 un
715 2386 768 2421 roi
795 2394 830 2420 et
857 2385 950 2432 deux
976 2385 1174 2428 chambres,
1201 2383 1296 2419 voila
1315 2392 1394 2419 tout
1420 2382 1454 2418 le
1481 2380 1623 2419 mecha·

209 2448 325 2493 nisme
352 2447 399 2482 du
428 2454 715 2493 gouvernenient
740 2444 1038 2494 representatis.»
1069 2445 1216 2488 Cousin‚
1245 2456 1342 2482 cours
1367 2443 1482 2483 d’hist.
1514 2443 1552 2480 de
1586 2442 1621 2480 la

208 2511 297 2558 phil.
322 2509 446 2546 moral.
474 2509 553 2545 leet.
581 2509 639 2544 IX.
893 2504 896 2505 ⁷
