1705 2787
662 78 926 132 —363-

187 183 238 225 In
272 182 352 226 hac
402 181 670 239 obiectione,
720 195 768 226 ut
818 194 934 225 recte
968 182 1144 225 disserit
1194 181 1327 225 Card.
1382 181 1494 224 Tar-

73 255 195 312 quini
229 253 317 313 (Ι),
342 255 626 311 supponitur,
651 255 807 310 errori,
827 254 1064 297 velsaltem
1088 255 1228 297 errori
1253 254 1330 311 qui
1355 253 1488 296 talem

69 340 114 366 se
137 340 227 367 non
252 325 489 380 existimat,
524 323 676 367 eadem
712 325 807 367 iura
832 336 1084 381 competere
1108 339 1155 366 ac
1174 324 1364 366 veritati.
1392 323 1490 366 Hoc

67 407 218 438 autem
252 410 389 453 aeque
422 393 585 437 falsum
619 407 699 451 est,
733 410 779 437 ac
814 396 849 437 si
885 384 1065 449 diceres,
1116 394 1388 452 amentibus,
1436 410 1488 438 eo

66 466 224 510 saltem
257 467 455 522 nomine,
490 465 611 524 quod
646 467 752 508 tales
787 482 832 508 se
867 481 960 508 esse
985 481 1076 508 non
1096 466 1386 522 arbitrantur,
1413 482 1488 509 ea-

64 535 165 580 dem
197 537 293 579 iura
327 537 579 591 convenire,
615 551 726 593 quae
762 549 911 579 mente
935 537 1066 579 sanis.
1093 537 1247 589 Quare
1272 536 1482 579 haeretici

63 623 155 651 non
188 620 394 665 possunt,
429 619 477 650 ut
511 608 652 663 aiunt,
686 623 761 664 par
787 608 877 664 pari
913 606 1108 661 reddere,
1144 607 1394 650 coercendo
1416 622 1483 650 ca-

60 678 251 722 tholicos
286 680 331 722 in
366 679 416 721 iis
451 665 727 734 regionibus,
761 679 806 720 in
841 677 1003 735 quibus
1038 679 1120 735 ipsi
1167 677 1478 734 dominantur,

61 750 169 808 quin
203 748 369 807 absque
402 750 497 792 iure
531 764 688 791 verum
722 750 790 791 ius
828 750 1096 805 opprimant.
1135 775 1186 779 —
1221 750 1358 792 Dices:
1382 748 1480 791 hae-

61 821 184 864 retici
220 820 334 863 bona
368 819 453 863 side
488 820 529 863 id
564 819 746 876 faciunt,
791 821 1095 862 existimantes
1146 835 1196 862 ex
1231 835 1380 863 errore
1415 820 1481 862 in-

58 891 256 935 vincibili
291 891 558 950 obsequium
592 908 636 933 se
671 904 892 949 praestare
942 893 1052 934 Deo.
1104 892 1352 949 Respondeo:
1406 891 1479 935 ad-

54 965 189 1007 missa
223 965 357 1006 etiarn
394 963 508 1007 bona
532 964 611 1007 hac
633 964 732 1020 fide,
757 964 972 1022 quidnam
990 964 1146 1008 exinde
1171 977 1435 1023 sequeretur
1462 968 1478 1009 2

55 1035 152 1078 Hoc
186 1051 330 1078 unum
364 1048 555 1079 tantum:
591 1035 633 1079 id
668 1051 744 1094 per
779 1036 979 1079 accidens
1015 1052 1106 1079 non
1132 1051 1225 1078 esse
1250 1037 1476 1093 imputan-

52 1106 161 1150 dum
182 1109 255 1150 ‘eis
289 1107 342 1151 ad
375 1120 622 1165 peccatum3
648 1120 695 1151 ut
720 1120 869 1151 mente
894 1110 1031 1165 captis
1051 1121 1125 1150 aut
1151 1107 1466 1164 ignorantibus

53 1194 145 1221 non
180 1180 460 1236 imputantur
506 1195 569 1235 ea,
615 1195 740 1237 quae,
776 1181 811 1222 si
846 1192 995 1222 mente
1029 1180 1097 1222 vel
1131 1180 1314 1222 scientia
1362 1179 1475 1222 frue-

53 1262 221 1304 rentur,
241 1263 388 1293 essent
408 1263 596 1307 peccata.
617 1251 721 1294 Non
742 1250 851 1293 illud
876 1250 1075 1307 profecto
1095 1263 1372 1308 sequeretur,
1398 1266 1473 1293 eos

51 1336 151 1364 vere
176 1334 217 1364 et
242 1321 457 1365 obiective
477 1321 639 1365 habere
665 1324 732 1365 ius
748 1322 905 1380 agendi
931 1338 982 1364 eo
1017 1322 1169 1378 modo,
1194 1338 1283 1380 quo
1319 1335 1471 1379 agunt.

169 1393 323 1436 Unum
358 1392 533 1436 addam,
566 1394 759 1437 Culmen
796 1406 911 1436 esset
946 1395 1193 1451 iniquitatis
1228 1406 1270 1436 et
1293 1395 1473 1436 iniusti-

49 1465 148 1520 tiae,
182 1466 218 1507 si
251 1480 425 1522 praeses
462 1466 656 1522 regionis
692 1465 781 1508 fere
817 1481 867 1508 ex
901 1478 997 1508 toto
1021 1465 1262 1507 catholicae
1287 1478 1468 1522 negaret

48 1534 276 1578 catholicis
312 1535 564 1578 libertatem
597 1536 719 1579 illam
754 1538 797 1579 in
835 1536 1003 1579 bonum
1039 1549 1080 1579 et
1114 1552 1288 1592 verum,
1334 1552 1470 1594 quam

44 1605 328 1650 heterodoxis
363 1606 625 1650 concederet
659 1608 703 1650 in
739 1608 908 1650 malum
943 1620 984 1650 et
1019 1607 1193 1649 falsum:
1230 1608 1289 1649 ita
1326 1620 1373 1649 111
1408 1608 1461 1650 113

46 1678 121 1735 qui
154 1679 222 1720 ius
258 1677 421 1721 habent
456 1680 717 1722 exercitium
754 1680 861 1722 iuris
897 1678 1147 1736 impediret,
1198 1678 1460 1721 concederet

45 1761 195 1791 autem
230 1749 455 1793 licentiam
490 1752 556 1806 113,
592 1752 669 1808 qui
704 1752 798 1793 iure
819 1764 923 1793 311111
949 1750 1163 1794 destituti.
1190 1751 1288 1792 Huc
1313 1763 1464 1794 autem

43 1818 211 1864 faciunt
244 1823 475 1879 sequentia
510 1823 575 1865 Pii
610 1823 687 1867 IX.
722 1822 853 1865 verba
905 1821 990 1880 (2):
1021 1840 1039 1862 (<
1099 1822 1220 1865 Licet
1270 1822 1462 1864 aeternis

43 1893 237 1936 iustitiae
291 1894 465 1950 legibus
511 1896 683 1953 ipsique
724 1907 866 1937 rectae
903 1895 1064 1936 rationi
1110 1892 1369 1949 refragetur,
1420 1894 1463 1935 in

43 1963 199 2008 eodem
237 1964 388 2008 haberi
424 1981 557 2008 censu
596 1981 755 2008 verum
790 1981 837 2007 ac
875 1964 1048 2020 salsum,
1074 1976 1115 2006 et
1141 1965 1318 2021 utrique
1343 1965 1462 2021 paria

43 2036 225 2079 concedi
251 2037 361 2088 iura;
383 2051 485 2078 cum
510 2049 658 2078 tamen
685 2037 894 2093 iniquitas
920 2048 1178 2091 temporum
1205 2036 1288 2085 ius,
1308 2048 1461 2091 suapte

42 2121 198 2151 natura
234 2109 470 2166 proprium
506 2110 637 2150 unius
672 2109 777 2162 veri,
812 2106 862 2149 ad
899 2107 1058 2148 salsum
1093 2107 1383 2161 transtulerit,
1419 2120 1460 2149 et

39 2180 143 2221 satis
178 2179 531 2222 inconveniente
564 2178 781 2221 libertatis
830 2177 1062 2233 vocabulo,
1112 2190 1379 2233 potestatem
1421 2178 1460 2219 ei

107 2386 158 2429 (1)
187 2386 255 2431 Op.
285 2396 320 2420 et
346 2398 443 2420 num.
472 2387 530 2422 cit.

109 2445 165 2488 (2)
193 2445 249 2479 Ad
277 2444 329 2479 Ill.
356 2446 471 2489 Episc.
500 2444 725 2489 Dupanlnup,
754 2445 810 2478 die
843 2456 881 2487 11)
909 2444 973 2478 Iul.
1004 2445 1101 2488 1875.
