1705 2787
808 78 1067 122 —168-

230 184 448 229 dederunt
484 184 600 228 civili
634 186 832 228 societati
867 185 948 229 sub
983 186 1199 243 regimine
1233 184 1535 244 quorumdam
1565 186 1642 231 tri-

235 257 457 300 bunorum
493 256 644 314 populi
680 269 723 299 et
756 272 856 300 cum
883 257 1024 300 forma
1047 257 1354 302 democratica.
1378 259 1535 312 Quum
1558 258 1640 302 im-

228 330 340 386 perii
375 329 566 372 Romani
601 328 763 371 auxilio
798 344 888 371 non
923 328 1188 386 indigerent,
1207 331 1347 372 immo
1381 345 1521 387 quum
1553 330 1637 387 ipsi

227 401 393 457 pluries
429 416 558 456 opem
586 400 930 456 imperatoribus
955 401 1210 458 Byzantinis
1235 413 1392 458 sponte
1417 401 1642 456 tulissent,

227 470 327 512 hinc
363 469 450 512 sere
484 468 535 512 ab
571 471 699 512 initio
748 470 929 513 fuerunt
964 471 1009 513 de
1045 471 1157 528 sacto
1206 471 1554 528 independentes
1590 469 1642 513 ab

229 542 434 598 Imperio:
473 557 606 598 quam
642 541 1033 599 independentiam
1070 542 1189 585 brevi
1224 544 1515 599 imperatores
1545 543 1643 599 ipsi,

230 613 304 670 qui
339 611 501 654 auxilio
527 613 806 655 Venetorum
833 613 1104 670 indigebant,
1129 625 1501 670 recognoverunt.
1524 612 1641 656 Cum

230 684 414 726 societas
451 683 554 725 haec
589 685 810 739 crevisset,
847 685 1155 727 necessitatem
1191 685 1356 741 experti
1391 696 1494 726 sunt
1535 698 1640 726 con-

228 753 441 797 stituendi
476 766 603 811 caput
651 756 832 797 unicum
888 754 962 812 (ab
1008 756 1135 798 initio
1180 757 1299 798 enim
1350 769 1641 813 unaquaeque

229 840 357 882 parva
392 825 535 867 insula
568 841 700 868 suum
737 824 922 868 habebat
971 826 1213 884 rectorem)
1261 826 1468 869 electivum
1515 836 1557 868 et
1589 825 1644 868 ad

228 898 370 952 vilain,
404 909 632 954 tamquam
667 897 911 955 praesidem
957 898 1178 955 gubernii,
1214 898 1333 957 quod
1378 898 1643 942 democrati-

228 983 330 1010 cum
364 967 663 1025 permanebat.
719 970 870 1026 Itaque
920 985 1036 1012 anno
1072 970 1239 1013 Christ.
1286 974 1368 1026 697
1413 970 1644 1026 elegerunt

229 1038 491 1082 Paulucium
527 1038 804 1095 Anafestum,
839 1042 913 1098 qui
948 1042 1116 1097 primus
1153 1040 1233 1083 fuit
1258 1040 1345 1084 dux
1369 1040 1531 1099 (doge)
1555 1039 1644 1082 Ve—

228 1122 353 1152 netae
388 1109 665 1166 reipublicae:
701 1111 856 1154 electio
892 1111 995 1154 haec
1030 1110 1138 1154 facta
1173 1111 1253 1154 fuit
1288 1128 1309 1154 a
1328 1111 1568 1155 duodecim
1589 1127 1640 1153 ex

227 1182 472 1238 praecipuis
507 1181 695 1224 familiiS.
732 1182 979 1225 Duodecim
1015 1182 1093 1244 hjlss
1126 1182 1314 1226 familiae
1349 1182 1488 1226 dictae
1532 1193 1639 1224 sunt

225 1251 476 1308 apostolicae,
511 1264 551 1294 et
585 1253 882 1295 aristocratiae
917 1267 1097 1296 venetae
1132 1255 1352 1310 originem
1407 1253 1638 1297 dederunt.

225 1322 280 1364 Iis
318 1321 435 1364 brevi
470 1321 660 1365 adiectae
696 1336 799 1366 sunt
833 1325 999 1380 primae
1033 1324 1130 1366 illae
1165 1323 1368 1380 familiae,
1414 1339 1525 1381 quae
1570 1339 1641 1366 va-

226 1394 300 1435 riis
334 1409 386 1436 ex
428 1392 610 1436 urbibus
666 1396 1032 1452 transmigrantes
1076 1394 1367 1438 fundaverant
1414 1395 1640 1438 Venetias.

226 1464 318 1506 Hae
352 1463 545 1506 famiIiae
581 1464 822 1507 nobiliores
858 1465 1069 1522 paulatim
1105 1481 1157 1508 eo
1192 1467 1414 1522 potentiae
1449 1465 1639 1508 devene-

225 1547 344 1591 runt,
389 1548 436 1578 ut
486 1535 566 1578 sub
616 1535 724 1578 duce
779 1538 911 1579 Petro
957 1536 1210 1580 Gradonico
1244 1536 1325 1580 sub
1361 1536 1498 1580 finem
1547 1552 1639 1579 sae-

224 1607 310 1650 culi
344 1609 460 1650 XIII.
495 1608 765 1665 gubernium
799 1624 850 1650 ex
884 1607 1182 1651 democratico
1218 1609 1502 1663 mutaverint,
1548 1623 1640 1650 non

224 1678 318 1719 sine
352 1678 483 1734 longa
517 1691 558 1721 et
592 1694 751 1735 magna
786 1679 937 1736 populi
973 1679 1271 1735 oppositione,
1325 1680 1369 1721 in
1418 1679 1639 1721 aristocra-

222 1750 357 1795 ticum.
392 1751 518 1807 quale
551 1749 804 1807 perduravit
838 1750 889 1793 ad
924 1765 1091 1792 annum
1127 1765 1265 1807 usque
1294 1754 1419 1806 1796,
1441 1765 1530 1808 quo
1556 1748 1638 1792 sub
1686 1767 1690 1772 ·

225 1820 442 1875 regimine
477 1821 780 1863 aristocratico
815 1821 1005 1863 maxime
1038 1819 1191 1862 floruit
1225 1832 1266 1862 et
1301 1821 1437 1863 crevit
1486 1820 1631 1862 Vene-

225 1902 375 1933 torum
410 1891 669 1948 respublica.
1544 1896 1546 1898 ’

313 1961 482 2004 Verum
517 1962 620 2005 haec
655 1962 763 2005 facta
797 1963 945 2020 potius
980 1974 1083 2004 sunt
1117 1961 1362 2004 secundaria
1396 1977 1471 2004 seu
1506 1976 1638 2004 acces-

223 2031 348 2073 soria.
384 2032 459 2073 Est
494 2034 613 2075 enim
661 2032 777 2075 aliud
827 2032 990 2074 factum
1023 2033 1228 2089 princeps,
1272 2047 1322 2074 ex
1371 2047 1460 2088 quo
1495 2031 1642 2074 civilis·

219 2103 403 2144 societas
419 2118 470 2145 ex
489 2103 713 2146 ordinario
757 2105 853 2161 ipso
879 2116 1058 2146 naturae
1084 2118 1214 2145 cursu
1251 2104 1471 2159 originem
1496 2102 1636 2145 ducit.

220 2172 286 2214 De
322 2172 404 2215 hoc
439 2172 551 2215 facto
587 2173 784 2217 dicemus
819 2175 863 2217 in
897 2174 1101 2231 sequenti
1135 2185 1270 2230 parte.

308 2244 380 2286 III.
415 2245 596 2287 Factum
631 2246 964 2302 primigenium,
999 2260 1049 2287 ex
1082 2260 1170 2302 quo
1195 2245 1313 2287 iuxta
1338 2245 1529 2301 primam
1554 2260 1632 2287 na-

221 2326 344 2358 turae
376 2317 674 2359 intentionem
718 2319 902 2360 societas
949 2317 1086 2359 civilis
1121 2328 1279 2373 sponte
1314 2315 1528 2369 dimanat,
1567 2329 1638 2359 est

220 2384 487 2428 familiarum
522 2402 572 2429 ex
606 2386 762 2429 eodem
811 2388 958 2444 stipite
1007 2387 1280 2444 propagatio.
1318 2403 1337 2425 «
1384 2387 1633 2444 Postquam

221 2455 373 2500 fratres
408 2456 559 2501 eadem
594 2456 755 2500 familia
789 2459 893 2514 nati,
928 2456 1150 2500 connubia
1183 2458 1380 2500 inierunt
1426 2456 1629 2515 filiosque
