1705 2787
814 95 865 104 ,Ἣ-
903 72 986 127 278
1023 94 1073 105 ..υ

235 176 375 231 magis
411 188 502 217 esse
540 175 831 218 neeessariam
866 177 910 218 in
934 176 1259 220 communitate
1284 175 1488 234 perfecta,
1513 179 1646 222 etiam

233 243 283 285 ad
320 245 412 286 eius
447 244 739 300 temporalem
773 244 1161 301 gubernationem.
1189 272 1241 279 -
1268 246 1350 305 4⁰)
1369 246 1648 290 Gubernatio

232 315 325 356 sine
352 327 568 371 potestate
587 314 773 371 cogendi
793 314 992 358 inefficax
1011 328 1088 369 est,
1108 328 1149 358 et
1173 315 1297 359 facile
1323 319 1644 361 contemnitur.

233 385 418 427 Coactio
451 397 601 427 autem
636 386 730 427 sine
766 398 981 442 potestate
1015 384 1239 442 obligandi
1274 388 1317 429 in
1353 389 1639 443 conscientia,

231 456 295 497 vel
331 467 395 496 est
431 454 658 497 moraliter
693 455 994 513 impossibili&
1030 457 1132 513 quia
1157 458 1325 499 coactio
1349 457 1463 499 iusta
1483 472 1647 515 suppo-

230 527 293 568 nit
327 525 518 582 culpam,
554 526 673 582 quod
699 539 763 568 est
788 526 910 569 valde
937 526 1176 583 probabile,
1201 527 1270 569 vel
1295 540 1411 570 certe
1436 540 1500 570 est
1524 527 1645 571 valde

228 594 516 652 insufficiens,
553 598 655 654 quia
688 612 764 653 per
799 611 895 638 eam
931 612 1020 638 non
1057 609 1205 654 posset
1231 598 1274 639 in
1300 597 1452 640 multis
1472 596 1644 640 casibus

226 668 483 710 necessariis
518 667 791 710 sufficienter
827 667 1092 724 reipublicae
1127 666 1367 710 subveniri.

315 737 548 782 Obiiciunt
582 739 668 798 (1).
691 765 743 770 ——
769 740 842 797 1¹.)
863 740 1063 782 Potestas
1084 740 1259 796 politica
1284 752 1349 782 est
1369 741 1641 798 temporalis.

226 808 343 865 Ergo
377 824 467 852 non
501 822 647 865 potest
681 810 814 866 ligare
849 810 893 851 in
929 811 1213 853 conscientia.
1260 811 1524 855 Resposism.
1559 813 1641 855 Po-

225 892 356 922 testas
391 881 568 938 politica
604 880 764 923 dicitur
799 881 1054 938 temporalis
1091 883 1245 924 ratione
1279 881 1417 925 obiecti
1449 898 1525 925 seu
1552 898 1637 925 tna—

222 951 367 993 seriae:
403 963 602 994 versatur
637 952 755 994 enim
791 952 903 994 circa.
937 967 1003 994 res
1039 952 1318 1009 temporales.
1355 954 1411 995 At
1436 953 1477 995 in
1511 967 1550 996 se
1574 964 1640 996 est

223 1021 327 1077 quid
362 1022 611 1078 spirituale:
649 1036 713 1065 est
747 1024 866 1066 enim
902 1036 1094 1080 potestas
1120 1023 1316 1080 legitima
1340 1040 1416 1067 seu
1442 1024 1636 1067 moralis.

222 1093 339 1135 (jum
374 1094 417 1136 in
453 1111 498 1136 se
533 1096 587 1137 sit
637 1094 742 1153 quid
791 1095 1032 1152 spirituale,
1082 1108 1227 1152 potest
1276 1095 1494 1152 obligare:
1535 1110 1635 1138 cum

221 1176 372 1206 autem
406 1178 605 1209 versetur
641 1167 753 1209 circa
788 1182 855 1209 res
890 1167 1170 1223 temporales,
1221 1182 1311 1209 non
1346 1178 1492 1224 potest
1526 1165 1635 1209 obli-

220 1249 321 1290 gare
356 1235 441 1277 nisi
474 1234 526 1278 ad
560 1248 682 1279 actus
717 1237 995 1294 temporales,
1048 1254 1068 1277 «
1095 1238 1250 1293 Ligare
1301 1238 1633 1292 conscientiam.

219 1306 277 1347 ait
312 1305 622 1362 Bellarminus,
658 1321 747 1349 non
784 1319 848 1349 est
882 1307 1045 1365 aliquid
1095 1306 1265 1350 efficere
1299 1308 1343 1350 in
1379 1322 1472 1350 rem
1507 1307 1632 1364 spiri-

218 1377 399 1433 tualem,
433 1377 507 1421 sed
542 1378 689 1421 solum
724 1379 941 1435 imperare
977 1379 1115 1433 alteri,
1150 1390 1191 1420 et
1224 1379 1285 1420 sic
1320 1378 1550 1435 imperare,
1585 1391 1632 1421 ut

215 1449 250 1491 si
287 1450 322 1491 is
357 1465 447 1494 non
483 1448 659 1493 obediat
693 1462 856 1507 peccet,
891 1462 932 1492 et
982 1450 1242 1492 testimonio
1290 1450 1492 1507 propriae
1526 1464 1629 1492 con—

213 1521 421 1564 scientiae
454 1522 672 1578 intelligat
705 1522 773 1564 vel
807 1521 1054 1578 intelligere
1079 1522 1232 1578 possit,
1257 1537 1301 1563 se
1326 1536 1520 1578 peccare.
1546 1522 1629 1563 Ita-

213 1606 297 1648 que
332 1593 604 1651 quicumque
638 1605 785 1650 potest
819 1591 985 1648 iubere>
1019 1604 1165 1649 potest
1214 1592 1349 1648 ligare
1398 1593 1628 1635 conscien-

212 1664 332 1705 tiam.
361 1682 380 1704 »
419 1690 472 1695 -
508 1664 589 1723 2.⁰)
623 1665 742 1707 Finis
778 1664 927 1721 legum
973 1664 1170 1706 civilium
1205 1675 1269 1705 est
1303 1679 1386 1720 pax
1434 1676 1626 1719 externa,

211 1749 302 1777 non
336 1747 484 1778 autern
519 1751 602 1793 pax
635 1736 945 1778 conscientiae.
991 1736 1256 1778 Respoxsro.
1305 1735 1448 1791 Leges
1479 1734 1625 1777 civiles

212 1804 373 1849 habent
408 1806 587 1865 quidem
622 1822 702 1864 pro
739 1805 825 1849 fine
860 1822 1011 1863 pacem
1047 1819 1289 1857 externam,
1324 1806 1438 1848 sicut
1462 1804 1624 1848 habent

210 1893 290 1934 pro
310 1872 586 1921 materia'seu
609 1877 784 1921 obiecto
804 1893 871 1920 res
892 1878 1158 1935 temporales
1178 1890 1219 1920 et
1239 1878 1492 1919 exteriores:
1508 1876 1623 1919 nihi·

208 1948 402 1991 lominus
438 1951 482 1993 in
508 1950 777 1993 conscientia
803 1965 882 1992 nos
910 1948 1123 2006 obligant,
1150 1960 1197 1991 ut
1220 1963 1371 2006 pacem
1395 1960 1620 1990 externam

206 2034 447 2076 servemuS,
484 2033 531 2064 ut
564 2033 686 2064 actus
713 2022 952 2064 exteriores
978 2020 1029 2063 ad
1053 2035 1147 2062 earn
1176 2034 1328 2076 pacem
1348 2019 1618 2062 necessarios

204 2101 334 2147 atque
368 2092 661 2149 praescriptos
696 2106 931 2150 ponamus.
959 2118 1010 2123 —
1037 2092 1118 2149 3³³)
1142 2091 1352 2146 Princeps
1379 2090 1612 2132 saecularis

271 2342 318 2381 (ι)
345 2339 399 2372 De
426 2339 480 2372 his
509 2338 769 2372 obiectionibus
799 2336 840 2372 cs.
869 2336 1135 2377 Bellarminum,
1163 2335 1205 2368 de
1243 2334 1355 2368 Laicis
1390 2334 1411 2368 l.
1439 2335 1497 2368 111.
1526 2345 1554 2368 c.
1582 2346 1614 2377 t).

198 2406 233 2432 et
264 2407 325 2437 11.;
353 2398 495 2439 SuareZ,
524 2397 566 2431 de
594 2395 731 2440 legibus
760 2395 780 2429 l.
808 2396 865 2429 111.
898 2406 927 2429 c.
968 2405 1032 2430 21.:
1066 2395 1256 2435 Becanuin,
1291 2394 1334 2427 de
1367 2392 1436 2438 leg.
1455 2404 1530 2438 cap.
1553 2392 1613 2426 w.

198 2466 336 2502 quaest.
366 2465 395 2490 2.
