1705 2787
197 160 399 205 Primum
435 161 625 205 limitem
660 162 729 206 lex
763 164 904 206 civilis
954 165 1125 207 invenit
1159 164 1203 206 in
1239 163 1333 220 lege
1369 159 1530 219 divina,

106 232 177 274 cui
210 232 376 275 scilicet
409 234 564 290 nequit
598 232 842 277 adversari:
881 235 963 277 «si
997 236 1041 277 in
1075 236 1225 293 aliquo
1260 250 1282 277 a
1316 235 1412 291 lege
1447 249 1523 276 na-

106 305 237 348 turali
270 303 507 361 discordet,
540 306 629 347 iam
670 321 761 348 non
811 307 893 349 erit
942 307 1022 362 lex,
1072 306 1148 349 sed
1196 307 1303 363 legis
1338 321 1520 363 corrup-

107 375 169 418 tio
203 375 289 434 (1).
317 392 337 415 »
374 376 428 418 Et
461 391 565 417 sane
600 376 635 418 si
669 374 720 418 ab
755 392 802 418 ea
839 376 1110 420 discordaret
1146 389 1188 419 et
1229 376 1524 419 nihilominus

107 446 175 488 lex
208 461 300 488 esse
334 461 425 489 non
459 445 695 503 desineret,
731 446 814 489 hoc
850 447 1129 504 haberemus,
1165 447 1283 505 quod
1318 448 1386 490 lex
1418 446 1528 489 infe-

108 518 198 560 rior
232 519 504 574 praevaleret
538 531 692 561 contra
729 518 872 575 legem
908 519 1128 562 altiorem.
1152 519 1275 562 Idem
1301 518 1527 562 evidenter

107 590 240 632 etiam
275 589 498 646 colligitur
533 605 585 633 ex
618 605 688 645 eo,
719 590 840 647 quod
882 590 1074 633 vidimus
1109 592 1153 633 in
1205 591 1319 633 thesi
1354 606 1527 647 praece—

107 660 253 718 dente,
288 662 504 705 nimirum
538 662 682 719 legem
723 662 914 718 civilem,
967 679 1077 721 quae
1126 664 1223 706 talis
1274 678 1422 707 revera
1458 664 1527 718 sit,

107 730 296 774 derivari
329 747 351 774 a
384 731 480 789 lege
524 733 714 774 naturali
762 732 829 775 vel
862 748 938 790 per
988 733 1175 776 modum
1224 733 1527 776 conclusionis

106 803 174 846 vel
206 818 282 860 per
315 802 504 847 modum
538 802 939 860 determinationis,
974 820 1049 847 seu
1075 820 1168 847 esse
1192 805 1260 848 vel
1285 804 1526 848 declarato-

106 875 217 917 riam
250 874 319 918 vel
351 874 739 918 determinativam
774 875 882 932 legis
918 877 1144 919 naturalis.

194 947 399 990 Alterum
433 949 623 990 limitem
659 947 724 990 lex
759 948 897 990 civilis
932 949 1101 990 invenit
1125 950 1169 991 in
1194 948 1281 991 fine
1307 949 1522 992 consortii

106 1019 260 1075 civilis,
295 1020 366 1062 cui
400 1019 565 1061 scilicet
600 1018 729 1062 debet
764 1018 1025 1062 conducere.
1077 1021 1269 1063 Eatenus
1305 1022 1439 1076 enim,
1476 1032 1524 1062 ut

105 1090 267 1146 pariter
302 1090 346 1132 in
381 1088 496 1132 thesi
529 1088 818 1147 praecedente
853 1090 1060 1143 vidimus,
1111 1106 1285 1147 praeses
1337 1091 1524 1133 civitatis

106 1159 236 1203 habet
270 1176 291 1202 a
326 1161 421 1203 Deo
455 1172 722 1217 potestatem
757 1176 833 1203 seu
871 1162 938 1203 ius
972 1160 1234 1218 imponendi
1260 1162 1391 1218 leges,
1416 1176 1522 1218 qua-

108 1242 238 1273 tenus
273 1229 404 1273 habet
438 1246 460 1273 a
484 1232 580 1274 Deo
605 1230 804 1273 officium
828 1247 903 1273 seu
931 1247 1098 1274 munus
1134 1231 1378 1274 adducendi
1403 1247 1524 1274 com-

105 1303 373 1345 munitatem
407 1301 488 1345 sibi
524 1304 813 1345 commissam
837 1302 889 1345 ad
914 1302 1064 1357 finem,
1090 1304 1210 1360 quod
1236 1320 1402 1346 munus
1428 1306 1525 1347 sine

106 1372 182 1416 tali
216 1384 434 1430 potestate
468 1388 544 1416 seu
581 1374 676 1416 iure
713 1388 801 1416 non
845 1386 990 1431 potest
1025 1374 1224 1431 implere.

194 1444 403 1487 Tertium
438 1444 629 1487 limitem
664 1444 731 1487 lex
765 1446 902 1487 civilis
940 1447 1107 1488 invenit
1142 1446 1186 1488 in
1211 1446 1306 1488 aliis
1333 1458 1524 1503 potesta-

104 1513 236 1569 tibus,
271 1530 382 1572 quae
417 1515 470 1557 ab
504 1516 601 1572 ipso
636 1516 731 1558 Deo
766 1516 854 1557 sint
898 1517 1143 1558 institutae.
1195 1517 1414 1568 Quamvis
1450 1517 1524 1558 ali-

105 1586 210 1644 quid
243 1585 461 1629 conducat
494 1600 569 1629 aut
603 1588 735 1629 etiam
781 1589 1080 1629 necessarium
1115 1588 1169 1630 sit
1205 1587 1255 1630 ad
1294 1587 1428 1630 linem
1466 1589 1522 1630 ci-

103 1659 199 1701 vilis
236 1660 451 1701 consortii
486 1659 797 1715 obtinendum,
833 1672 979 1702 tamen
1017 1662 1051 1701 si
1086 1661 1303 1717 pertineat
1327 1659 1379 1702 ad
1404 1659 1522 1702 ordi-

105 1746 206 1773 nem
240 1730 459 1786 altiorem,
494 1732 530 1773 si
553 1732 692 1788 ipsius
717 1746 819 1773 cura
845 1733 899 1773 sit
924 1747 944 1773 21
970 1733 1065 1773 Deo
1090 1731 1253 1774 directe
1279 1732 1523 1773 commissa

104 1803 234 1845 alicui
252 1802 375 1847 alteri
400 1804 609 1859 potestati
633 1802 693 1860 (e.
719 1819 758 1859 g.
784 1803 1099 1845 ecclesiasticae
1124 1803 1189 1845 vel
1215 1802 1523 1860 domesticae),

102 1874 189 1916 iam
224 1874 275 1917 de
309 1875 380 1918 illa
414 1890 459 1917 re
494 1890 583 1917 non
618 1875 781 1931 poterit
816 1874 1019 1930 princeps
1056 1873 1194 1915 civilis
1230 1874 1320 1915 suis
1346 1872 1518 1929 legibus

104 1945 268 1990 directe
301 1946 536 2004 disponere
571 1945 659 2004 (2).
697 1946 828 1988 Recta
864 1962 898 1987 e.
934 1961 974 2001 g.
1002 1946 1276 1987 matrimonii
1301 1944 1523 1988 ordinatio

104 2019 275 2063 confert
309 2020 359 2063 ad
396 2020 531 2063 finem
578 2019 795 2061 consortii
846 2018 997 2061 civilis.
1034 2018 1116 2060 Sed
1167 2018 1522 2073 matrimonium,

104 2106 208 2134 cum
242 2107 264 2134 a
299 2092 480 2136 Christo
530 2093 729 2135 Domino
780 2092 835 2132 sit
885 2091 1104 2132 elevatum
1140 2089 1190 2132 ad
1227 2091 1447 2131 rationem
1481 2102 1523 2131 et

104 2164 366 2221 dignitatem
402 2165 681 2220 sacramenti,
717 2164 908 2221 pertinet
943 2161 994 2205 ad
1020 2162 1224 2204 ordinem
1249 2162 1470 2217 altiorem,
1495 2162 1521 2204 i.

175 2396 220 2433 (1)
250 2394 286 2427 111
321 2404 345 2427 1.
377 2402 405 2426 2.
434 2405 468 2438 q.
495 2391 551 2437 63.
581 2404 610 2426 a.
640 2400 668 2425 2.

176 2460 221 2495 (2)
250 2455 341 2488 Vide
369 2466 460 2500 quae
489 2454 531 2487 de
560 2454 623 2487 hac
653 2463 689 2487 re
717 2451 868 2484 diximus
898 2459 1012 2496 super*
1042 2448 1108 2484 1106
1132 2446 1200 2483 vol.
1229 2458 1308 2495 pag.
1341 2447 1413 2482 1280
