1705 2787
658 98 709 105 .-
751 84 828 130 Ῑ39
867 98 917 104 .-

72 181 231 224 misera
265 192 330 222 est
365 178 564 222 conditio
590 179 771 222 illorum
794 180 871 237 qui
895 194 916 221 a
940 178 1198 236 parentibus
1223 176 1491 236 pauperibus

72 263 146 294 aut
182 249 341 293 morbo
366 250 515 307 aliquo
550 248 854 293 laborantibus
889 262 1133 292 nascuntur
1167 264 1381 306 pauperes
1418 260 1493 291 aut

71 321 253 365 infirmi.
303 321 363 364 Ut
402 321 447 363 hi
491 332 721 378 nequeunt
755 320 839 363 dici
874 333 1028 363 natura
1070 335 1282 377 pauperes
1317 319 1385 362 vel
1419 334 1493 361 na-

72 406 169 436 tura
202 391 386 447 infirmi,
421 392 480 434 ita
514 407 568 433 ne
603 391 674 434 ille
700 390 880 448 quidem
905 390 1033 434 debet
1059 403 1214 433 natura
1239 406 1391 433 servus
1422 406 1494 447 ap-

72 463 237 521 pellari.
272 463 430 520 Neque
464 462 584 504 enim
618 461 679 504 fas
716 475 780 504 est
830 474 1012 505 naturae
1062 461 1325 517 adscribere,
1375 460 1494 518 quod

73 533 233 592 pendet
272 533 324 576 ab
363 533 597 588 adiunctis,
622 548 697 575 seu
734 534 989 575 accessoriis
1017 546 1212 575 naturae.

160 606 235 649 IV.
274 605 474 648 Sententia
514 604 677 659 indicis,
714 605 939 661 instantque
974 604 1130 647 bellum.
1167 631 1219 635 ——
1255 601 1494 660 Agendum

74 690 207 721 restat
241 676 293 721 de
335 676 553 719 sententia
587 674 743 718 iudicis
778 691 824 718 ac
860 675 911 718 de
948 675 1061 718 bello
1097 678 1229 718 iusto.
1266 675 1384 718 Cum
1424 674 1496 717 ha-

75 765 176 793 rum
210 749 529 806 quaestionum
565 747 734 789 solutio
769 747 1013 804 dependeat
1049 763 1071 789 a
1106 748 1349 804 principiiS,
1383 762 1495 804 quae

75 818 278 863 nondum
303 830 509 861 tenemus
535 816 644 875 (aiio
678 818 797 859 enim
823 818 921 859 loco
965 830 1096 860 erunt
1131 816 1379 869 statuenda,
1421 816 1495 859 ubi

74 891 291 933 nimirum
311 889 362 932 de
387 889 481 931 iure
501 886 714 945 puniendi
759 903 805 930 ac
831 886 882 930 de
923 889 1017 930 iure
1045 887 1144 930 beHi
1179 888 1402 945 agemus),
1429 900 1494 929 sat

74 962 171 1017 erit,
195 976 332 1018 pauca
357 959 426 1002 hic
450 960 653 1002 innuere.

163 1031 281 1075 Octo
315 1045 476 1088 genera
510 1045 754 1087 poenarum
792 1045 824 1071 s.
861 1030 1143 1086 Augustinus
1169 1029 1241 1088 (Ι)
1277 1042 1492 1086 recenset,

74 1118 186 1161 quae
221 1114 326 1145 sunt
370 1102 639 1159 privationes
677 1099 902 1142 bonorum
946 1101 1143 1153 illorum,
1188 1116 1300 1158 quae
1356 1101 1493 1143 homo

75 1176 265 1218 maxime
299 1173 456 1231 diligit:
497 1191 523 1213 (ο
554 1181 719 1215 mortam
744 1188 819 1230 per
845 1188 979 1230 quam
1001 1173 1173 1215 tollitur
1198 1174 1296 1223 vita„
1321 1173 1495 1216 verbera

76 1260 118 1290 et
151 1246 337 1290 talionem
371 1246 445 1303 (ut
479 1246 568 1291 scil.
604 1245 789 1288 oculum
823 1260 903 1302 pro
939 1245 1070 1287 oculo
1096 1246 1193 1302 quis
1220 1245 1394 1303 perdat)
1420 1261 1495 1302 per

81 1335 190 1377 quae
210 1319 374 1361 amittit
390 1319 489 1375 quis
508 1318 690 1374 corporis
723 1316 1048 1372 incolmnimtam,
1077 1318 1308 1359 servitutem
1334 1330 1375 1359 et
1398 1319 1492 1360 vin-

75 1391 166 1435 cula
198 1406 272 1448 per
307 1406 418 1448 quae
452 1388 595 1447 perdit
629 1388 862 1441 libertatem,
897 1388 1088 1431 exsilium
1115 1404 1191 1446 per
1212 1388 1331 1447 quod
1353 1389 1496 1446 perdit

70 1464 266 1521 patriam,
301 1462 497 1505 dammum
533 1476 606 1518 per
642 1459 760 1518 quod
798 1459 940 1517 perdit
985 1460 1168 1512 divitias,
1225 1463 1493 1516 ingminimn

77 1551 151 1593 per
186 1549 318 1592 quam
354 1533 496 1591 perdit
519 1533 736 1588 gloriam.»
760 1532 909 1585 Vides,
930 1534 1158 1575 servilltlcm
1188 1534 1300 1575 inter
1327 1547 1492 1577 ceteras

76 1623 239 1666 poenas
274 1607 505 1649 recenseri.
544 1623 563 1645 «
601 1605 721 1648 Sicut
757 1607 892 1661 enim,
928 1607 985 1648 ait
1023 1607 1199 1648 Lessius
1236 1606 1323 1664 (2),
1350 1620 1494 1663 potest

75 1679 173 1736 quis
208 1689 352 1720 morte
386 1676 600 1733 damnari,
636 1678 693 1719 ita
728 1678 859 1719 etiam
896 1678 1108 1719 servitute
1143 1692 1254 1733 quae
1290 1690 1353 1719 est
1375 1693 1496 1721 mors

77 1750 257 1793 civilis.»

166 1819 232 1863 Ad
266 1819 409 1863 bellum
445 1821 592 1863 iustum
629 1819 747 1877 quod
783 1822 955 1875 attinet,
991 1820 1097 1862 olim
1133 1819 1370 1876 putabatur
1407 1821 1497 1863 lici-

77 1904 171 1935 tum
207 1908 301 1935 esse
337 1894 492 1936 victori
528 1892 728 1935 occidere
763 1893 945 1947 victum,
973 1893 1028 1933 ita
1068 1905 1127 1946 ut,
1154 1893 1187 1933 si
1216 1893 1353 1934 victor
1378 1895 1490 1950 capti

77 1965 210 2006 vitam
246 1978 454 2020 servaret,
491 1965 622 2007 liuius
658 1964 911 2008 dominium
951 1964 1142 2006 baberet.
1181 1982 1199 2003 «
1233 1965 1417 2007 Serviex
1443 1982 1494 2007 eo

76 2036 277 2093 appellati
313 2050 431 2093 sunt,
467 2036 585 2094 quod
632 2038 926 2093 Imperatores
963 2037 1157 2092 captivos
1209 2037 1413 2093 vendere,
1449 2053 1495 2080 ac

75 2122 151 2164 per
167 2107 249 2151 hoc
263 2123 445 2166 servare,
471 2124 549 2151 nec
570 2107 768 2151 occidere
789 2106 988 2150 solebant
1009 2107 1123 2166 (3).»
1152 2108 1289 2151 Atius
1312 2108 1417 2152 illud
1442 2110 1498 2151 vi-

147 2339 203 2385 (r)
232 2340 285 2377 De
315 2342 393 2376 Civ.
422 2341 487 2377 Dei
517 2342 537 2376 l.
568 2341 662 2377 XXI.
691 2352 718 2376 c.
751 2351 780 2376 2.

147 2402 198 2445 (2)
227 2403 296 2447 Op.
326 2403 384 2437 cit.
415 2402 435 2436 i.
466 2403 506 2437 11.
535 2414 610 2447 cap.
642 2413 668 2445 5.
698 2402 807 2435 dubit.
841 2401 884 2435 IY

148 2461 200 2505 (¹3)
229 2461 354 2497 lustin.
382 2463 464 2496 Inst.
494 2461 513 2495 l.
547 2473 573 2497 1.
602 2463 652 2496 tit.
686 2473 714 2503 3.
748 2462 776 2506 ζζ.
809 2473 836 2503 3.
