1705 2787
806 83 1063 121 ——160-‘

227 189 360 228 ctoris
380 188 422 228 in
439 188 622 241 victum,
642 200 774 242 quem
795 200 954 242 nempe
968 187 1108 242 possit
1128 185 1342 243 occidere,
1357 186 1517 229 exiure
1539 182 1639 229 belli

227 260 358 301 etiam
394 259 512 305 iusti,
537 273 621 314 qua
647 257 758 312 talis,
785 258 971 299 minime
996 259 1298 315 consequitur.
1323 259 1474 311 Quare
1499 257 1638 300 illius-

228 327 347 370 modi
384 343 480 369 mos
516 340 695 369 eatenus
723 327 765 368 in
803 327 1219 385 particularialiquo
1239 343 1339 370 casu
1368 339 1512 384 potest
1536 342 1641 370 cum

226 400 390 441 iustitia
425 398 665 451 conciliari,
701 411 921 455 quatenus
973 399 1014 440 in
1064 414 1116 441 eo
1150 415 1250 442 casu
1287 400 1479 441 rationes
1530 398 1637 441 aliae

225 469 320 511 hello
348 478 421 526 pce·
456 484 494 511 sc
529 470 780 510 extrinsecae
815 467 1087 523 accederent,
1123 486 1213 525 e.g.
1235 471 1345 511 ratio
1370 484 1537 526 poenae
1562 483 1641 526 pro

225 539 486 583 criminibus
519 538 572 581 ab
607 540 711 595 ipsis
746 540 927 596 captivis
963 541 1238 596 perpetratis.
1275 541 1487 583 Ceterum
1523 554 1642 582 nunc

224 625 315 654 tota
352 611 449 653 belli
486 612 598 653 ratio
632 622 696 652 est
745 611 981 652 immutata
1031 623 1071 652 et
1125 611 1281 653 titulus
1319 611 1387 653 liic
1421 609 1535 667 apud
1570 625 1641 652 ex-

224 683 360 725 cultas
396 683 597 724 nationes
634 697 723 723 non
758 680 1024 723 admittitur.
1059 681 1171 724 Illud
1207 680 1376 724 addam:
1403 679 1643 738 siquando

224 768 289 797 est
323 754 479 797 titulus
514 753 681 796 validus
717 766 757 795 et
792 751 1015 795 sufficiens
1049 752 1099 795 ad
1135 752 1431 796 inducendam
1455 752 1641 794 servitu-

226 840 330 874 tem,
365 841 539 882 semper
574 826 718 881 agitur
753 824 804 867 de
839 824 1117 867 subiectione
1167 837 1386 882 quantum
1422 823 1473 867 ad
1507 832 1642 881 opera,

228 913 316 940 non
353 909 570 954 quantum
607 895 658 938 ad
687 904 908 952 personam
943 897 1071 938 servi.

314 968 497 1009 Brevem
534 966 650 1008 hunc
685 965 737 1008 de
771 967 983 1008 servitute
1004 965 1334 1024 tractatum(1)
1369 964 1639 1007 absolvimus

227 1038 303 1081 hac
319 1036 956 1080 animadversione.—Eximio
976 1052 1079 1078 sane
1101 1037 1379 1079 Christianae
1396 1037 1642 1093 Religionis

227 1107 441 1151 beneficio
475 1107 640 1150 factum
676 1119 755 1163 est,
791 1120 837 1149 ut
871 1108 1090 1149 maximus
1116 1107 1186 1149 ille
1211 1107 1373 1150 abusus
1398 1108 1640 1161 servitutis,

226 1195 309 1238 qua
334 1181 425 1236 ipsa
450 1179 646 1221 hominis
670 1193 859 1235 persona
884 1179 928 1220 in
953 1190 1233 1220 contractum
1253 1179 1423 1221 veniret
1443 1190 1484 1220 et
1504 1177 1642 1220 horno

226 1263 486 1295 tractaretur
536 1262 584 1292 ut
628 1265 747 1291 mera
782 1264 864 1304 reS,
899 1248 1013 1306 apud
1047 1250 1278 1306 plerasque
1313 1262 1466 1306 gentes
1510 1248 1643 1291 fuerit

226 1323 431 1366 abolitus.
467 1322 580 1364 Tres
615 1322 734 1363 enim
769 1322 972 1363 veritates
1008 1320 1245 1363 christiana
1280 1320 1431 1363 docuit
1462 1320 1640 1376 religio:

227 1394 443 1435 unitatem
492 1392 676 1447 originis
727 1389 778 1432 ab
829 1405 918 1432 uno
967 1391 1266 1447 progenitore,
1311 1390 1419 1432 adeo
1453 1402 1502 1432 ut
1535 1389 1642 1432 alter

222 1465 413 1507 alterum
463 1476 689 1520 tamquam
725 1460 903 1504 fratrem
939 1463 1154 1518 respicere
1203 1460 1370 1504 debeat:
1423 1462 1639 1504 unitatem

227 1536 546 1592 redemptionis
581 1534 763 1576 humani
798 1534 971 1589 generis
998 1534 1103 1590 lapsi
1131 1546 1323 1590 patratae
1348 1533 1400 1575 ab
1426 1533 1642 1575 Homine-

228 1608 335 1649 Deo:
373 1606 588 1647 unitatem
625 1603 739 1659 finis,
773 1604 823 1646 ad
859 1618 991 1660 quem
1044 1603 1247 1645 homines
1304 1616 1456 1660 utpote
1493 1611 1641 1645 natura

226 1677 426 1734 aequales
462 1675 740 1731 ordinantur,
775 1674 881 1717 adeo
927 1687 973 1717 ut
1009 1676 1050 1716 in
1087 1674 1219 1716 altera
1255 1675 1341 1717 vita
1385 1673 1503 1716 nulla
1552 1688 1642 1715 am-

228 1749 341 1805 plius
376 1749 565 1790 extitura
599 1748 653 1789 sit
678 1747 1164 1803 inaequalitaS,praeter
1188 1745 1324 1801 illam,
1349 1760 1482 1802 quam
1506 1760 1642 1787 unus-

226 1821 413 1877 quisque
447 1818 529 1861 sibi
565 1818 771 1875 operibus
807 1818 885 1860 hac
920 1819 964 1860 in
999 1818 1086 1860 vita
1121 1818 1276 1874 positis
1302 1816 1636 1873 comparaverit.

231 1909 249 1930 «
287 1892 379 1934 Iam
414 1907 532 1933 nune
568 1906 641 1947 per
677 1890 900 1933 Adamum
950 1904 1133 1944 novum,
1179 1891 1254 1945 qui
1304 1900 1368 1930 est
1418 1887 1641 1941 Christus,

229 1964 596 2005 communionem
634 1961 870 2004 fraternam
915 1974 956 2003 et
991 1961 1187 2002 hominis
1233 1975 1333 2002 cum
1385 1959 1566 2001 homine
1600 1970 1641 2000 et

228 2035 371 2090 gentis
407 2049 508 2076 cum
542 2045 673 2089 gente
707 2031 1010 2084 intercedere3
1055 2032 1175 2088 ipsis,
1209 2031 1322 2072 sicut
1358 2044 1490 2072 unam
1526 2043 1641 2070 eam-

229 2104 432 2161 demque,
467 2106 581 2147 intra
616 2117 797 2147 naturae
833 2103 956 2159 fines,
981 2104 1216 2159 originem,
1251 2103 1325 2157 sic,
1360 2116 1489 2158 supra
1515 2112 1641 2143 natu-

230 2193 337 2233 ram,
373 2179 592 2234 originem
628 2193 762 2220 unam
798 2176 1088 2233 eamdemque
1123 2190 1216 2217 esse
1250 2174 1403 2216 salutis
1439 2185 1480 2215 et
1510 2171 1638 2215 fidei:

229 2264 384 2290 omnes
419 2248 705 2306 aequabiliter
740 2250 782 2291 in
819 2248 1107 2305 adoptionem
1142 2247 1273 2289 unius
1308 2246 1390 2288 Dei
1425 2257 1466 2287 et
1500 2244 1641 2286 Patris

299 2436 354 2482 (ι’)
382 2437 434 2471 De
463 2437 531 2470 hoc
560 2446 783 2481 argumento,
811 2436 997 2478 servitutis,
1036 2444 1176 2481 praeter
1204 2443 1366 2469 auctores
1394 2433 1468 2468 iam
1498 2432 1566 2474 cit„
1595 2427 1639 2466 cf.

229 2498 381 2540 Balines,
409 2499 438 2531 el
459 2501 737 2545 protestantiweo
766 2496 967 2545 computatio
997 2508 1055 2531 con
1073 2496 1102 2529 cl
1130 2495 1336 2530 catelii-Istus)
1365 2505 1441 2538 cap.
1466 2504 1517 2538 17.
1538 2504 1639 2538 seqq,
