1705 2787
839 69 889 74 --
926 55 1009 100 430
1046 70 1096 75 --

256 161 344 188 uon
383 161 425 188 ιιι
464 161 785 190 nocumentum
828 148 952 191 alteri
998 149 1229 207 inseratur,
1267 167 1406 210 neque
1446 165 1493 196 ut
1527 156 1659 212 impe-

257 218 369 259 1iun1
406 217 629 274 dilatetur,
666 235 809 276 neque
844 232 891 262 ut
935 219 1154 263 fortitudo
1201 220 1350 265 bellica
1395 237 1660 283 exerceatur,

255 288 403 331 aliisve
439 289 698 333 huiusmodi
732 290 785 333 de
818 292 975 347 causis,
1010 291 1085 335 sed
1121 305 1300 350 propter
1335 308 1575 338 commune
1599 295 1660 341 bo·

256 374 379 413 num,
405 373 452 402 ut
477 360 588 403 ordo
614 362 890 418 restituatur,
917 375 964 405 ut
988 378 1069 420 pax
1092 377 1133 406 et
1156 365 1370 407 securitas
1394 368 1659 424 acquiratur.

343 431 461 473 Haec
495 444 646 474 autem
680 445 745 475 est
781 433 1027 477 differentia
1063 435 1176 476 inter
1213 434 1323 478 hanc
1359 437 1534 479 tertiam
1560 451 1661 482 con-

254 501 471 545 ditionem
506 516 547 547 et
582 503 689 547 duas
716 504 1042 562 praecedentes,
1066 504 1186 563 quod
1211 504 1309 548 illae
1334 508 1367 549 si
1394 505 1554 565 desint,
1580 507 1662 553 bel-

254 574 346 615 lum
370 576 451 617 erit
484 576 697 634 iniustum,
733 578 837 621 haec
863 593 967 621 vero
991 578 1025 619 si
1050 576 1175 628 desit,
1203 574 1369 620 bellum
1393 579 1475 621 erit
1499 578 1662 638 malum,

255 644 328 687 sed
364 661 454 688 non
489 649 666 704 proprie
702 649 895 692 iniustum
931 648 1018 707 (1).

342 718 424 776 4⁰)
458 718 625 763 Montis
661 734 862 764 nEssiTUs.
899 721 997 777 Hie,
1032 733 1214 764 auctore
1240 722 1523 779 BellarminO,
1548 723 1591 766 in
1616 737 1663 767 eo

250 791 483 847 praecipue
517 793 736 849 consistit,
780 806 828 837 ut
863 792 975 835 nulli
1020 793 1249 837 innocenti
1284 806 1510 839 noceatur.
1546 794 1662 838 Hinc

251 878 286 906 e.
320 878 360 919 g.
396 865 538 921 pueri,
574 879 716 922 senes,
752 865 962 909 mulieres
997 878 1079 911 etc,
1114 865 1255 910 occidi
1292 867 1405 910 iuste
1442 881 1533 910 non
1569 881 1664 924 pos-

252 947 374 985 sunt,
412 936 497 978 nisi
530 951 631 980 casu
666 951 742 980 seu
780 952 855 995 per
889 937 1089 982 accidens
1114 938 1461 982 interficiantur:
1489 950 1538 982 ut
1563 953 1663 982 curn

254 1005 381 1048 miles
427 1007 644 1050 iaculatur
688 1009 732 1050 in
777 1023 974 1052 cuneum
1019 1009 1234 1067 hostium,
1279 1022 1320 1053 et
1354 1009 1467 1053 forte
1506 1008 1664 1052 occidit

252 1092 442 1134 puerum
475 1092 549 1121 aut
585 1079 834 1126 mulierem.

342 1149 493 1207 Itaque
538 1164 638 1207 post
680 1150 944 1195 inchoatum
989 1153 1154 1196 bellum
1188 1166 1285 1196 toto
1331 1166 1532 1211 tempore
1565 1163 1663 1196 ante

252 1233 421 1276 partam
466 1222 713 1279 victoriam,
758 1223 929 1266 iustum
963 1237 1028 1267 est
1072 1224 1233 1268 inferre
1269 1223 1473 1267 hostibus
1508 1224 1658 1267 omnia

251 1289 424 1348 damna,
459 1307 569 1351 quae
594 1294 662 1337 vel
688 1293 739 1338 ad
764 1293 1127 1352 satisfactionem,
1151 1295 1219 1338 vel
1242 1294 1295 1338 ad
1319 1293 1660 1352 comp-arandam

252 1363 484 1407 victoriam
518 1367 764 1410 necessaria
797 1365 1081 1423 videbuntur,
1116 1366 1366 1410 dummodo
1400 1382 1492 1410 non
1525 1365 1664 1410 conti-

251 1446 385 1478 neant
418 1436 714 1481 innocentum
739 1439 949 1483 iniuriam
974 1440 1214 1483 intrinsece
1239 1439 1419 1482 malam-³
1440 1438 1547 1481 Post
1571 1451 1662 1496 par-

252 1518 342 1548 tam
360 1522 466 1550 vero
488 1509 721 1552 victoriam
746 1509 918 1554 licitum
943 1523 1008 1553 est
1033 1511 1221 1568 principi
1245 1525 1291 1553 ea
1317 1509 1478 1566 damna
1501 1507 1660 1553 inferre

250 1576 517 1634 reipublicae
550 1580 705 1637 victae,
739 1597 850 1639 quae
884 1582 1252 1630 necessaria,sint
1285 1580 1337 1625 ad
1371 1582 1535 1625 iustam
1568 1580 1659 1624 vin-

246 1647 409 1691 dictam
442 1663 484 1694 et
517 1651 880 1710 satisfactionem,
915 1653 1214 1710 omniumque
1233 1651 1659 1711 damnor-amaretn-

247 1721 485 1778 rationem,
503 1734 634 1781 atque
657 1723 709 1767 ad
733 1726 1018 1768 securitatem
1042 1724 1094 1767 ab
1129 1725 1305 1767 iniuriis
1341 1722 1602 1768 habendam.
1623 1740 1626 1742 ·

336 1792 533 1837 Obiicies
567 1807 721 1838 contra
745 1795 856 1839 hanc
881 1796 1067 1840 thesim:
1094 1796 1266 1839 Bellum
1290 1796 1532 1853 opponitur
1555 1793 1659 1853 paci.

247 1863 331 1907 Sed
364 1880 446 1922 pax
479 1879 544 1909 est
579 1865 693 1911 bona
726 1879 769 1911 et
802 1867 980 1911 effectus
1014 1868 1221 1911 caritatis.
1256 1868 1374 1923 Ergo
1409 1865 1575 1910 bellum
1599 1876 1661 1908 est

314 2077 359 2117 (1)
387 2074 565 2110 Videlicet
591 2085 777 2121 peccatum
805 2076 870 2111 erit
898 2086 1023 2112 contra
1051 2077 1239 2119 caritatem,
1268 2087 1342 2110 non
1374 2075 1517 2121 proprie
1539 2081 1658 2109 contra

242 2133 423 2167 iustitium.
450 2154 493 2158 —-
521 2134 634 2169 Si-mili
662 2135 772 2170 modo
800 2135 890 2170 solvi
910 2144 1032 2181 potest
1050 2137 1225 2182 quaesti0‚
1244 2144 1365 2170 utrum
1384 2133 1454 2176 ille,
1474 2134 1532 2180 qui
1553 2132 1656 2167 habet

240 2194 371 2227 iustam
397 2204 554 2236 causam,
580 2202 745 2230 teneatur
764 2203 950 2240 acceptare
977 2194 1295 2230 satisfactionem«
1315 2194 1423 2229 Salvo
1445 2191 1585 2227 meliori
1602 2191 1657 2225 iu·

239 2251 343 2294 dicio,
372 2252 420 2286 ait
446 2251 696 2296 Bellarminus‚
724 2252 790 2288 loc.
819 2254 889 2296 cit„
929 2254 1120 2289 dicendum
1158 2253 1308 2295 videtur,
1336 2252 1432 2299 quod
1466 2262 1505 2285 ex
1525 2249 1657 2285 iustitia

239 2321 437 2356 numquam
455 2321 606 2355 tenetur,
627 2314 685 2359 qui
705 2313 811 2349 habet
830 2315 961 2350 iustam
982 2325 1137 2357 causam,
1159 2323 1344 2359 acceptare
1366 2311 1657 2353 satisfactionem,

242 2380 308 2403 nec
328 2378 409 2403 ante
429 2370 562 2405 bellum
587 2372 807 2415 inchoatum,
842 2384 908 2407 nec
935 2382 1078 2420 postea:
1106 2383 1228 2408 tamen
1254 2383 1293 2406 ex
1320 2372 1463 2406 caritate
1504 2377 1656 2415 utroque

240 2436 403 2472 ternpore
421 2437 571 2473 tenetur,
598 2431 666 2465 nisi
691 2441 754 2475 per
781 2431 945 2467 accidens
973 2431 1065 2466 aliud
1095 2432 1258 2477 expedizit
1286 2440 1350 2467 etc.
1379 2445 1394 2463 n
