1705 2787
622 59 884 100 -357-

579 296 728 324 THESIS
763 296 909 324 LXXXI.

53 425 195 480 Quare
228 423 389 467 libertas
423 423 550 466 cultus
568 432 643 481 per
667 439 706 466 se
731 434 784 467 est
808 426 947 482 impia,
971 426 1125 467 iniusta
1153 433 1184 466 et
1199 425 1464 482 perniciosa:

162 511 215 538 acx
241 494 491 538 solummodo
527 498 643 538 certis
682 495 875 538 limitibus
911 505 1112 539 coarctata.
1162 495 1208 538 ol]
1241 504 1463 553 temporum

163 567 225 610 vel
257 567 436 610 locorum
461 568 708 610 conditiones
742 567 908 610 tolerari
941 567 1160 625 aliqnando
1189 576 1328 625 potest.

162 723 259 753 201.
294 711 656 754 DEMONSTRATio
692 726 860 755 PRIORIS
895 726 1060 755 PARTIS.
1099 712 1217 753 Haec
1252 723 1316 753 est
1341 711 1455 754 mul-

43 791 210 836 torum,
245 782 409 823 nostris
445 783 706 838 praesertim
741 782 912 838 diebus,
948 783 1115 840 opinio,
1145 782 1309 840 plenam
1335 781 1461 825 cultus

40 851 259 895 libertatem
295 867 389 894 esse
422 853 467 895 in
493 853 610 895 civili
635 855 843 897 societate
869 854 1214 897 concedendam.
1244 854 1276 896 Ii
1298 854 1463 897 scilicet

42 925 102 967 sic
137 940 231 967 rem
265 924 537 981 intelligunt:
573 924 702 968 debet
736 925 919 984 quidem
955 926 1093 968 civilis
1129 927 1316 968 societas
1341 925 1462 968 exhi-

48 995 147 1039 bere
181 997 278 1039 Deo
312 996 505 1054 aliquem
541 996 730 1053 cultum,
766 997 841 1040 sed
876 997 927 1040 ad
962 997 1125 1040 modum
1160 997 1306 1040 cultus
1341 997 1463 1054 quod

43 1079 225 1125 spectat,
258 1080 406 1125 potest
439 1080 570 1126 atque
605 1068 714 1111 adeo
740 1067 869 1111 debet
893 1068 1071 1111 nullum
1097 1084 1147 1111 ex
1166 1069 1296 1111 variis
1317 1068 1462 1111 cultus

41 1139 279 1196 generibus
313 1139 560 1197 excludere,
580 1139 655 1183 sed
679 1141 912 1183 varietates
938 1155 1095 1183 omnes
1117 1152 1343 1198 quotquot
1357 1151 1463 1182 sunt

42 1227 94 1254 ex
127 1227 270 1269 aequo
305 1211 556 1269 admittere,
591 1212 802 1255 omnibus
837 1211 1046 1255 eumdem
1081 1211 1279 1255 favorem
1313 1226 1359 1254 ac
1395 1223 1464 1254 tu-

43 1282 176 1325 telam
210 1281 432 1340 praebere:
469 1282 802 1339 tantummodo,
826 1284 861 1326 si
881 1284 1022 1325 maior
1042 1283 1205 1325 civium
1225 1298 1323 1339 pars
1343 1294 1464 1325 certo
1514 1308 1519 1314 ·

45 1353 175 1397 alicui
209 1353 363 1411 cultui,
399 1370 434 1398 e.
470 1370 511 1412 g.
546 1354 782 1411 catholico,
817 1356 873 1397 sit
907 1354 1091 1410 addicta,
1116 1355 1161 1396 in
1187 1354 1303 1396 illius
1329 1355 1463 1411 partis

47 1424 317 1483 obsequium
350 1427 515 1483 poterit
549 1427 736 1469 societas
770 1427 815 1469 in
850 1426 1144 1468 caeremoniis
1179 1424 1366 1482 publicis
1392 1440 1464 1467 ex-

42 1496 279 1555 sequendis
315 1498 453 1540 ritum
488 1497 631 1554 illum,
656 1513 691 1540 e.
711 1514 752 1555 g.
779 1497 1064 1553 catholicum,
1090 1495 1307 1554 praeferre
1332 1497 1460 1554 eique

44 1584 87 1610 se
121 1568 418 1612 conformare.
452 1570 518 1612 De
553 1570 633 1612 hac
667 1571 880 1627 opinione
915 1568 1188 1612 affirmamus
1224 1569 1321 1611 tria:
1342 1567 1463 1626 -α)

43 1653 140 1680 eam
160 1654 254 1681 esse
277 1640 518 1696 itlzpiczttz,—
533 1640 579 1698 β)
599 1656 693 1682 esse
715 1641 924 1696 iniltslam,
946 1640 1049 1698 -γ)
1065 1656 1157 1682 csse
1171 1641 1462 1697 perniciosam.

160 1709 208 1767 α)
242 1709 320 1752 Est
354 1710 507 1767 opinio
542 1710 692 1767 impia.
726 1737 778 1741 -—
815 1711 993 1753 Etenim
1028 1710 1272 1767 denegatur
1317 1710 1463 1753 debita
1520 1749 1524 1757 f

42 1778 215 1823 divinae
249 1780 334 1837 legi
370 1781 612 1824 submissio
647 1794 688 1825 et
724 1782 989 1825 obedientia.
1044 1783 1205 1824 Divina
1239 1781 1463 1839 siquidem

41 1850 109 1894 lex
141 1851 381 1895 individuis
416 1866 457 1896 et
501 1854 702 1896 societati
748 1869 839 1896 non
895 1854 1088 1910 imponit
1139 1852 1459 1895 tantummodo

42 1922 242 1966 debitum
296 1923 469 1967 colendi
519 1926 683 1981 Deum,
729 1925 803 1968 sed
854 1926 1034 1982 insuper
1079 1923 1150 1981 (ut
1200 1923 1392 1967 vidimus
1419 1925 1463 1966 in

42 1993 329 2050 praecedente
362 1995 500 2054 thesi)
526 1996 721 2039 ostendit
749 1997 912 2039 niodum
947 1995 1123 2038 colendi
1158 1997 1321 2051 Deum,
1342 2007 1383 2037 et
1408 1995 1462 2037 si-

42 2066 137 2109 mul
171 2066 444 2123 praescribit,
479 2082 582 2110 eum
616 2068 804 2110 modum
841 2070 884 2110 in
920 2067 1108 2110 colendo
1128 2082 1340 2124 supremo
1370 2067 1463 2111 Nu-

42 2137 161 2179 mine
195 2137 441 2181 tenendum
461 2154 570 2194 esse,
596 2140 704 2181 alios
731 2155 835 2182 vero
870 2155 963 2181 esse
999 2138 1278 2181 reiiciendos.

159 2208 205 2266 β)
256 2209 332 2252 Est
352 2210 487 2252 etiam
507 2211 687 2253 iniusta.
710 2237 761 2241 -—
782 2212 855 2253 Ius
881 2212 1000 2253 enim
1025 2209 1146 2267 quod
1161 2226 1262 2252 vera
1289 2209 1459 2252 Christi

41 2279 249 2337 Ecclesia,
284 2282 310 2324 i.
346 2297 382 2324 c.
417 2281 648 2336 catholica,
685 2282 831 2338 habet,
868 2295 914 2325 ut
949 2282 1223 2337 solcz,cete1·is
1249 2282 1455 2334 exclusis,

40 2352 275 2408 recipiatur
310 2368 356 2395 ac
393 2354 652 2409 retineatur,
689 2370 780 2396 non
818 2355 1112 2410 recognoscit,
1147 2354 1290 2396 immo
1325 2354 1461 2396 violat

39 2435 199 2479 aperte:
236 2424 460 2467 licentiam
496 2426 613 2467 enim
651 2424 721 2467 dat
757 2425 851 2467 aliis
887 2424 1175 2468 societatibus
1211 2441 1286 2467 seu
1316 2427 1461 2481 sectis,

1421 2520 1458 2553 23
