1705 2787
733 110 784 122 ιφ
826 98 991 130 112-2

162 209 363 240 auctores
411 194 726 237 c‹‘›nt1·ox·ersia.
781 194 908 245 Quae
953 193 1253 235 controversia
1273 191 1387 234 haud
1413 185 1574 251 existit,

158 271 193 311 si
228 283 374 310 serino
409 267 478 320 sit,
515 280 601 306 non
629 265 712 305 iam
740 262 791 305 de
815 262 1146 305 conditionibus
1171 262 1443 320 apponendis
1467 278 1571 305 con-

159 338 315 381 tractui
352 335 574 390 coniugali
610 346 655 376 ut
690 334 745 375 sit
779 332 962 387 validus,
997 331 1071 375 sed
1120 332 1171 375 de
1205 345 1433 376 contractu
1468 348 1573 375 con-

159 409 288 465 iugali
316 410 398 450 iam
436 405 573 448 valide
610 406 720 446 inito
745 403 1065 460 abrumpendO.
1092 405 1208 446 Haec
1233 405 1351 446 enim
1379 415 1571 460 potestas

156 479 352 522 solvendi
391 477 615 520 vinculum
653 475 901 530 coniugale,
939 474 1067 517 debet
1087 475 1284 532 profecto
1299 474 1572 532 principibus

158 549 358 593 civilibus
393 547 614 602 denegari:
651 545 890 588 divortium
928 546 1104 602 proprie
1139 545 1306 588 dictum
1328 546 1480 603 nequit
1499 560 1573 587 au-

161 622 362 664 ctoritate
398 617 512 660 civili
547 618 720 659 sanciri.

252 693 378 743 Quae
413 688 464 731 de
508 687 838 744 impedimentis
888 686 1095 743 diximus,
1138 687 1385 743 generalius
1429 686 1575 729 valent

163 763 207 805 da
227 762 361 803 cam-is
388 758 771 801 mamillamialilms.
787 758 975 813 Scilicet,
995 758 1276 815 quaestiones
1302 757 1461 799 exoriri
1483 771 1578 814 pos-

163 845 288 875 sunt:
327 844 476 873 utrum
514 844 650 870 necne
685 828 757 870 tali
794 829 836 870 in
874 844 972 870 casu
1010 843 1110 870 vere
1144 827 1254 870 adsit
1288 827 1578 884 impedimen-

163 918 256 946 tum
294 902 505 945 dirimens
541 911 819 941 contractum
856 898 1260 940 matrimonialem:
1298 910 1449 940 utrum
1475 913 1579 939 con-

163 986 326 1017 tractus
361 972 517 1029 aliquis
537 969 798 1026 coniugalis,
824 982 945 1011 metu
971 985 1006 1011 e.
1027 986 1068 1025 g.
1088 970 1240 1025 initus,
1266 967 1395 1011 fuerit
1412 968 1579 1011 validus

163 1059 314 1086 necne.
351 1044 443 1085 Hae
478 1056 630 1084 causae
665 1056 739 1082 seu
776 1040 1057 1096 quaestiones
1083 1039 1579 1096 matrimoniales,quae

162 1118 276 1159 inter
312 1114 592 1158 Christianos
627 1114 898 1168 exoriantur,
932 1113 1155 1169 pertinent
1205 1111 1256 1154 ad
1305 1111 1452 1154 forum
1502 1111 1579 1153 Ec-

164 1190 334 1240 clesiae,
387 1188 457 1230 cui
490 1187 655 1229 scilicet
689 1198 1071 1228 sacramentorum
1097 1200 1199 1227 cura
1223 1196 1287 1226 est
1313 1182 1578 1226 concredita.

163 1260 230 1304 Ad
268 1262 408 1317 ipsam
448 1260 639 1316 pertinet
683 1258 939 1313 Ecclesiam,
974 1255 1166 1299 iudicare
1201 1271 1254 1298 an
1290 1255 1365 1297 tali
1398 1256 1444 1297 in
1478 1270 1579 1297 casu

163 1332 504 1375 matrimonium
539 1329 742 1372 contrahi
777 1329 916 1385 possit
950 1343 1103 1383 necne,
1138 1343 1191 1369 an
1217 1338 1472 1369 contractus
1492 1340 1581 1367 rna-

165 1405 317 1460 ritalis,
336 1419 357 1445 a
376 1417 465 1460 quo
485 1417 575 1444 non
596 1413 821 1458 separatur
837 1401 947 1442 ratio
968 1400 1247 1455 sacramenti,
1262 1397 1394 1440 fuerit
1413 1396 1581 1440 validus

164 1490 302 1517 necne
336 1473 423 1531 (1)
458 1472 741 1528 Completam
776 1483 922 1513 tamen
960 1469 1091 1512 huius
1117 1468 1393 1526 quaestionis
1418 1479 1583 1524 pertra-

165 1547 405 1589 ctationem
442 1545 736 1601 relinquimus
772 1558 916 1585 sacrae
952 1541 1243 1597 Theologiae,
1268 1540 1334 1582 cui
1360 1537 1583 1581 auditores

166 1619 307 1661 nostri
343 1632 523 1674 operam
558 1615 702 1658 daturi
736 1626 854 1657 sunt.

166 1836 377 1843 :affl-

166 1957 207 1962 ——
236 1939 288 1971 De
317 1937 383 1970 hac
412 1935 623 1981 quaestione
652 1933 693 1968 cs.
722 1934 932 1974 Resemans,
961 1931 1003 1965 de
1032 1929 1275 1975 competentia
1305 1927 1396 1962 civili
1415 1928 1449 1961 in
1468 1927 1586 1961 vincu·

162 1996 234 2030 lum
263 1995 452 2040 coniugale
469 1994 678 2028 infidelium.

208 2060 252 2092 (Ι)
282 2056 337 2088 Λᾶ
366 2067 445 2088 rem
473 2054 723 2097 Bellarminus,
752 2062 913 2087 controv.
942 2052 985 2086 de
1012 2062 1160 2085 sacram.
1189 2050 1342 2084 matrim.
1371 2048 1391 2082 l.
1423 2059 1495 2082 1.c.
1520 2058 1585 2092 32.:

163 2126 177 2143 a
206 2114 476 2148 Matrimonium
506 2122 559 2147 est
587 2112 769 2147 Ecclesiae
798 2119 1074 2151 sacramentum,
1102 2120 1218 2154 neque
1247 2108 1337 2152 apud
1360 2107 1585 2141 Christianos

161 2182 346 2218 separatur
373 2181 576 2207 contractus
604 2172 785 2216 legitimus
813 2170 1033 2205 matrimonii
1064 2181 1081 2202 a
1109 2176 1335 2202 sacramento
1354 2165 1585 2205 matrimonii,

159 2245 241 2267 cum
268 2233 385 2265 omnis
414 2232 597 2275 legitimus
626 2240 829 2265 contractus
857 2229 1077 2264 matrimonii
1104 2228 1174 2261 hoc
1201 2227 1279 2271 ipso
1307 2227 1351 2259 sit
1377 2235 1584 2259 sacramen*

162 2301 236 2326 tum
265 2291 495 2325 matrimonii.
524 2292 619 2335 Ergo
647 2291 803 2323 iudicare
831 2301 874 2323 an
903 2288 1028 2333 aliquis
1055 2295 1257 2320 contractus
1285 2283 1503 2318 matrimonii
1543 2283 1588 2317 sit

161 2350 353 2393 legitimus,
383 2358 434 2383 est
462 2349 631 2391 iudicare,
659 2361 702 2382 an
733 2348 791 2381 ille
831 2355 1035 2382 contractus
1063 2346 1106 2379 sit
1146 2351 1427 2378 sacramentum:
1455 2341 1516 2375 scd
1543 2341 1586 2374 de

162 2409 397 2443 sacramentis
427 2407 583 2441 iudicare
613 2407 655 2440 ad
684 2406 880 2440 Ecclesiam
910 2413 1063 2450 spectat3
1082 2404 1188 2448 igitur
1208 2411 1240 2436 et
1261 2402 1303 2435 de
1322 2401 1382 2434 tali
1403 2409 1586 2434 contractu

164 2466 333 2508 iudicare,
364 2465 406 2499 ad
434 2465 632 2499 Ecclesiam
661 2474 807 2511 spectat.
835 2479 850 2496 ι)
