1705 2787
772 90 1030 145 -365—

191 196 368 238 familiis
403 194 620 251 religiosis,
665 210 777 252 quae
826 194 878 238 ad
922 196 1126 240 altiorem
1162 198 1420 241 societatem
1470 199 1604 242 eccle-

191 268 409 310 siasticam
428 267 664 323 pertinent,
684 266 736 309 ab
757 283 892 325 eaque
913 267 1177 325 dependent,
1199 285 1397 327 quaeque
1422 269 1607 327 proinde

189 340 282 381 sine
318 339 477 381 iniuria
512 339 680 382 altioris
715 340 832 382 illius
857 342 1079 384 societatis
1106 341 1274 385 destrui
1299 355 1373 385 aut
1397 341 1602 400 impediri

189 425 210 452 a
245 410 360 452 civili
395 422 615 467 potestate
652 424 884 468 nequeunt
919 411 1005 471 (1).

280 494 378 536 205.
413 481 656 525 Scnomon.
694 483 908 538 Quaeres,
944 483 1049 540 qnid
1084 483 1135 526 de
1184 483 1470 527 societatibus
1511 485 1605 542 opi-

190 550 326 594 ficum
361 551 647 594 sentiendum
682 553 767 597 sit?
802 554 1017 605 Quonam
1051 566 1179 610 pacto
1217 555 1421 612 princeps
1466 555 1603 598 civilis

189 621 315 665 debet
350 638 451 679 erga
487 638 558 665 eas
593 639 638 665 se
672 627 853 680 gerere?

306 693 336 736 I.
372 694 415 736 Si
464 706 619 750 agatur
668 694 720 737 de
769 694 1081 751 societatibus,
1119 696 1163 738 in
1213 695 1374 753 quibus
1423 696 1603 754 opifices

187 764 343 807 mediis
378 765 577 808 honestis
612 765 795 809 tendant
819 766 869 809 ad
906 767 1023 809 hunc
1058 781 1259 824 scopum,
1286 780 1496 810 mutuum
1521 759 1622 812 sibi‘

186 835 401 877 auxilium
436 835 699 892 praebendi;
735 852 808 878 eae
844 853 917 893 per
951 853 996 879 se
1041 837 1267 895 loquendo
1311 851 1416 881 sunt
1460 839 1603 882 licitae

186 920 232 947 ac
267 918 455 962 possunt
489 922 510 948 a
550 908 747 964 principe
786 909 900 950 civili
944 909 1222 965 protectione
1266 908 1433 952 donari.
1470 909 1601 952 Tales

185 978 417 1019 societates
453 978 561 1020 olim
596 980 852 1035 extiterunt,
888 992 929 1022 et
963 995 1148 1036 magnae
1184 982 1395 1037 operariis
1421 981 1601 1024 utilitati

185 1059 332 1090 erant:
367 1049 411 1090 in
445 1064 573 1091 verae
607 1050 836 1106 religionis
880 1051 1107 1107 principiis
1152 1062 1380 1108 tamquam
1429 1052 1472 1093 in
1510 1051 1600 1094 basi

182 1117 504 1175 innitebantur,
538 1132 580 1163 et
613 1119 694 1163 sub
729 1120 939 1164 concordi
974 1122 1208 1178 utriusque
1252 1122 1498 1178 potestatiS,
1532 1137 1598 1164 ec-

182 1342 198 1360 «
225 1330 513 1365 L'associazione
540 1342 603 1376 per
629 1331 700 1365 fine
727 1340 855 1366 onesto
885 1334 902 1366 e
923 1331 955 1365 di
977 1331 1082 1366 dritto
1102 1330 1274 1366 naturale.
1290 1330 1445 1365 Giacche
1461 1330 1596 1364 l'uomo

180 1391 197 1423 ὲ
226 1388 396 1423 facoltato
424 1389 516 1425 dalla
543 1399 670 1424 natura
697 1391 739 1425 ad
768 1402 871 1425 usare
902 1390 959 1424 nel
986 1391 1064 1435 giro
1092 1390 1148 1423 del
1180 1390 1287 1424 lecito
1315 1390 1394 1424 tutti
1437 1390 1446 1423 i
1475 1390 1597 1432 mezzi,

180 1448 245 1482 che
274 1449 378 1483 crede
406 1451 596 1494 opportuni
625 1463 644 1484 a
670 1462 862 1496 procurare
892 1449 916 1484 il
941 1462 1007 1484 suo
1035 1450 1126 1483 bene
1155 1460 1173 1482 e
1207 1448 1326 1494 quello
1371 1447 1465 1494 degli
1508 1447 1597 1483 altri.

179 1509 230 1542 Lo
260 1517 353 1543 stato
381 1520 455 1543 non
481 1511 552 1554 puo
580 1510 828 1555 impedirnelo.
857 1509 1018 1544 Giacch'e
1046 1509 1081 1543 lo
1109 1518 1201 1543 stato
1228 1520 1301 1542 non
1328 1510 1398 1553 puo
1426 1508 1598 1553 impedire

178 1578 216 1601 se
243 1578 316 1602 non
343 1567 398 1601 cio
427 1567 492 1602 che
520 1568 547 1602 si
575 1580 719 1613 oppone
748 1568 779 1602 al
807 1569 896 1603 bene
924 1568 1076 1614 publico,
1105 1568 1147 1602 ed
1176 1570 1193 1602 e
1221 1567 1374 1602 ridicolo'
1397 1566 1420 1600 il
1436 1567 1508 1601 dire
1529 1569 1595 1601 che

175 1627 203 1660 si
231 1638 399 1672 opponga
427 1626 458 1660 al
485 1627 574 1661 bene
602 1627 742 1672 publico
772 1628 794 1661 il
821 1640 1012 1673 procurare
1042 1636 1293 1661 onestamente
1333 1626 1356 1659 il
1399 1627 1544 1672 proprio
1573 1638 1591 1660 e

177 1686 306 1721 l'altrui
333 1687 540 1732 vantaggiQ
569 1687 621 1721 sia
648 1687 840 1732 spirituale,
869 1689 920 1722 sia
948 1687 1143 1729 materiale,
1186 1698 1249 1732 per
1287 1698 1463 1720 concorso
1506 1687 1593 1720 reci-

176 1758 287 1791 proco
316 1747 349 1780 di
376 1746 477 1781 molti
506 1747 593 1781 uniti
622 1749 787 1782 assieme.
815 1763 829 1780 υ
861 1748 918 1782 Cf.
948 1749 1057 1782 etiam
1086 1748 1268 1793 Tarquini,
1297 1748 1363 1780 Iur.
1392 1746 1479 1781 eccl.
1499 1746 1592 1792 publ.

174 1807 325 1841 institut.
352 1818 385 1840 n.
417 1817 468 1851 35.
498 1826 541 1831 -—
569 1808 760 1842 Distinctio
790 1808 865 1842 fieri
894 1808 989 1842 solet
1015 1809 1107 1842 inter
1133 1808 1325 1841 societates
1369 1807 1527 1840 minores
1573 1819 1593 1840 a

175 1864 267 1898 civili
294 1874 472 1909 potestate
501 1867 691 1911 recognitas
719 1875 752 1900 et
781 1867 1004 1911 approbataS,
1034 1876 1067 1901 et
1109 1866 1300 1900 societates
1345 1866 1504 1899 minores
1549 1865 1590 1898 ab

175 1924 302 1957 eadem
329 1933 507 1968 potestate
538 1937 603 1958 non
633 1927 831 1971 recognitas.
861 1926 958 1959 Haec
987 1926 1166 1960 distinctio
1194 1934 1313 1970 potest
1341 1924 1478 1958 admitti
1520 1924 1589 1958 hoc

175 1995 293 2025 sensu,
321 1984 414 2029 qnod
443 1984 634 2018 societates
663 1986 870 2030 recognitae
912 1985 1155 2029 intelligantur
1180 1984 1273 2026 illae,
1318 1995 1407 2029 quae
1449 1992 1590 2028 praeter

173 2043 226 2076 ius
255 2043 421 2076 omnibus
449 2044 582 2077 civibus
611 2055 804 2078 commune
835 2045 990 2088 gaudent
1031 2044 1242 2089 quibusdam
1285 2043 1490 2088 privilegiis,
1532 2055 1589 2077 so-

175 2101 323 2135 cietates
350 2114 436 2135 vero
464 2113 536 2135 non
564 2104 775 2147 recognitae
803 2104 871 2137 sint
900 2103 991 2145 illae,
1020 2114 1110 2148 quae
1138 2102 1241 2136 nullis
1268 2114 1352 2147 prae
1398 2102 1489 2135 civili
1525 2113 1591 2147 po-

174 2169 303 2194 testate
334 2162 492 2206 gaudent
519 2162 724 2208 privilegiis,
753 2164 815 2197 sed
843 2163 921 2197 solo
948 2164 1023 2197 iure
1051 2163 1215 2196 omnibus
1245 2163 1378 2196 civibus
1406 2162 1589 2196 communi

174 2219 347 2254 fruuntur.
376 2222 427 2254 Ex
456 2232 510 2263 eo,
530 2223 625 2267 qnod
653 2223 788 2267 priores
816 2223 896 2257 illae
925 2224 1104 2268 gaudeant
1130 2222 1335 2269 privilegiis,
1369 2234 1442 2256 non
1473 2222 1590 2267 sequi—

173 2288 230 2314 tur
256 2280 475 2324 posteriores
503 2292 623 2315 carere
650 2282 725 2315 iure
753 2282 940 2316 existendi.

251 2339 302 2383 (i)
330 2339 489 2373 Adverte
517 2341 613 2373 enim
639 2341 783 2375 ordines
803 2353 866 2375 seu
887 2341 1038 2375 familias
1058 2340 1244 2386 religiosas
1262 2352 1336 2375 non
1354 2340 1482 2374 debere
1503 2351 1590 2374 con-

174 2397 319 2431 siderari
349 2406 384 2431 ut
412 2409 548 2432 meram
576 2399 705 2433 civium
751 2401 923 2434 unionem
949 2401 984 2434 in
1027 2401 1136 2434 finem
1180 2401 1373 2435 honestum
1415 2396 1595 2445 nulloque*

173 2457 285 2496 modo
313 2458 530 2498 contrarium
565 2459 660 2493 bono
688 2460 796 2504 ipsius
825 2461 1006 2495 societatis
1033 2460 1155 2503 civilis,
1184 2462 1245 2496 sed
1278 2462 1505 2506 potissimum
1550 2470 1586 2510 ut
