1705 2787
806 104 1063 151 —190...

238 203 505 261 principium
540 214 619 258 est,
654 203 911 245 societatem
946 202 1119 246 civilem
1154 218 1248 246 esse
1281 204 1537 247 societatem
1571 217 1642 247 na·

232 277 435 331 turalem,
469 275 521 317 ab
556 276 651 332 ipso
685 276 780 318 Deo
816 275 996 318 volitam
1032 287 1163 333 atque
1197 276 1447 319 institutam
1471 275 1558 335 (1):
1582 276 1641 319 al-

233 361 377 390 terum
413 347 681 403 principium
717 359 796 403 est,
831 345 882 388 ab
917 348 1008 404 ipsa
1043 359 1197 390 natura
1231 348 1453 390 societatis
1502 347 1641 390 civilis

229 420 416 460 omnino
451 418 565 473 exigi
599 431 853 474 supremam
888 418 1197 460 auctoritatem
1222 416 1309 476 (2).
1344 418 1406 461 Ex
1431 417 1497 460 his
1522 418 1640 460 enim

231 490 456 545 principiis
492 489 549 530 ita
583 488 784 543 arguitur
819 486 905 545 (3).

316 560 407 615 Ille,
442 560 518 616 qui
553 571 617 600 est
652 557 935 601 immediatus
970 571 1123 602 auctor
1158 571 1199 601 ct
1234 560 1464 602 institutor
1502 560 1641 602 socie-

227 632 326 674 tatis
361 631 560 685 alicuius,
579 642 643 672 est
677 631 830 686 eoipso
850 630 981 671 ctiam
1015 629 1298 672 immediatus
1333 642 1486 673 auctor
1510 643 1553 674 et
1576 631 1641 673 in-

227 704 408 745 stitutor
434 716 606 757 eorum,
630 715 740 758 quae
765 699 816 742 ab
836 701 926 757 ipsa
952 699 1068 742 illius
1088 701 1325 757 societatis,
1345 702 1469 744 cuius
1488 714 1641 745 auctor

227 786 307 829 est,
343 786 499 815 natura
534 787 716 829 prorsus
752 772 1006 828 exiguntur.
1056 772 1192 829 Atqui
1231 773 1350 815 Deus
1385 785 1450 815 est
1484 774 1642 816 imme-

227 844 371 886 diatus
406 855 560 885 auctor
596 854 637 884 et
661 843 893 884 institutor
918 842 1141 884 societatis
1168 843 1321 899 civilis,
1345 844 1507 901 quippe
1531 859 1642 902 quae

227 929 291 958 est
325 916 509 957 societas
546 914 786 956 naturalis:
836 929 857 955 a
901 926 1059 956 natura
1103 928 1206 956 vero
1244 915 1382 957 civilis
1417 916 1640 959 societatis

227 988 407 1044 exigitui
452 1001 659 1044 suprema
692 987 944 1029 auctoritas,
991 987 1108 1042 Ergo
1143 987 1263 1028 Deus
1298 999 1363 1029 est
1397 987 1530 1030 etiam
1564 988 1642 1030 im-

227 1059 444 1101 mediatus
479 1070 633 1101 auctor
668 1069 709 1100 et
743 1058 974 1100 institutor
1009 1073 1242 1114 supremae
1278 1058 1415 1100 civilis
1451 1059 1641 1101 auctori-

226 1133 325 1174 tatis
350 1133 394 1174 in
418 1147 463 1173 se
488 1143 718 1187 spectatae.
743 1130 860 1185 Dixi,
883 1131 924 1172 in
950 1145 988 1172 se
1012 1138 1216 1186 spectatae.
1243 1130 1319 1172 Est
1344 1131 1462 1172 enim
1487 1141 1640 1172 auctor

227 1215 268 1245 et
301 1202 533 1245 institutor
567 1200 735 1258 politici
769 1201 986 1257 primatus
1011 1215 1063 1242 eo
1087 1199 1238 1255 modo,
1273 1215 1362 1257 quo
1397 1211 1552 1243 auctor
1576 1211 1642 1242 est

230 1285 271 1316 et
305 1274 537 1316 institutor
573 1272 711 1315 civilis
746 1273 997 1314 societatis:
1043 1271 1118 1314 sed
1152 1283 1217 1314 est
1250 1284 1404 1314 auctor
1438 1283 1480 1314 et
1512 1272 1638 1314 insti-

226 1358 349 1388 tutor
382 1343 666 1387 immediatus
701 1345 923 1386 societatis
958 1344 1096 1386 civilis
1130 1344 1174 1385 in
1200 1358 1244 1385 se
1269 1355 1510 1400 spectatae:
1535 1358 1641 1400 ergo

227 1429 291 1459 est
327 1417 458 1459 etiam
494 1415 778 1459 immediatus
812 1427 965 1458 auctor
1001 1428 1042 1457 et
1078 1415 1309 1457 institutor
1334 1414 1503 1471 politici
1526 1415 1642 1471 prin-

229 1489 398 1545 cipetus
433 1488 477 1530 in
512 1503 557 1530 se
591 1486 871 1530 considerati.

297 1674 352 1718 (1)
380 1674 433 1707 Cr.
461 1684 577 1718 super.
605 1672 695 1707 thes.
722 1673 795 1707 XL.
823 1681 858 1707 et
883 1672 956 1706 LV.

295 1735 350 1778 (2)
379 1733 433 1767 Cf.
461 1744 577 1778 super.
605 1733 696 1766 thes.
724 1733 925 1766 XXXVIII.

295 1794 352 1838 (3)
379 1793 435 1826 Sic
464 1793 618 1826 breviter
645 1801 898 1837 argumentum
937 1793 1104 1837 proponit
1144 1792 1391 1837 Bellarminus‚
1432 1794 1476 1827 de
1514 1792 1640 1835 Laicis,

226 1852 250 1888 l.
278 1854 337 1887 III.
365 1864 393 1886 c.
421 1853 503 1886 VL:
536 1864 551 1882 a
578 1850 729 1885 Politica
756 1860 916 1897 potestas
943 1852 978 1885 in
1006 1852 1212 1885 universum
1238 1854 1474 1895 considerata,
1492 1863 1566 1886 non
1585 1851 1643 1886 de-

225 1912 432 1946 scendendo
460 1912 495 1944 in
522 1910 725 1956 particulari
754 1911 795 1944 ad
823 1910 1081 1953 monarchiam,
1123 1911 1392 1954 aristocratiam‚
1431 1911 1489 1945 vel
1509 1912 1639 1945 demo-

226 1972 384 2011 cratiam,
413 1971 619 2004 immediate
648 1979 700 2003 est
728 1982 745 2003 a
773 1969 851 2003 solo
879 1970 969 2003 Deo.
990 1970 1084 2003 Nam
1106 1971 1336 2015 consequitur
1353 1971 1558 2005 necessario
1575 1983 1640 2005 na-

227 2041 340 2065 turam
368 2031 575 2064 humanam.
592 2045 606 2061 »
636 2031 679 2064 Et
706 2030 904 2072 Suaresius,
932 2029 1068 2064 defens.
1096 2030 1177 2064 fidei
1202 2031 1222 2063 l.
1251 2031 1308 2065 III.
1337 2043 1367 2066 c.
1394 2032 1435 2065 II.
1462 2043 1563 2067 num.
1591 2030 1640 2066 6.:

229 2102 243 2119 υ
272 2090 371 2123 Hanc
399 2098 616 2133 potestatem
645 2100 723 2122 esse
762 2089 968 2123 immediate
997 2101 1014 2123 a
1043 2090 1122 2123 Deo
1151 2089 1252 2124 facile
1292 2090 1524 2132 concluditur,
1559 2091 1641 2135 quia

228 2160 318 2193 quae
346 2157 613 2193 consequuntur
638 2157 814 2190 naturam,
842 2148 1050 2182 immediate
1078 2149 1205 2183 dantur
1232 2161 1249 2182 a
1276 2150 1420 2194 proprio
1449 2158 1484 2184 et
1509 2150 1640 2183 imme-

229 2208 324 2241 diato
355 2217 499 2241 auctore
527 2208 688 2240 eiusdem
715 2217 874 2241 naturae.
914 2207 984 2241 Sed
1023 2207 1111 2241 haec
1150 2217 1310 2252 potestas
1350 2217 1403 2242 est
1440 2209 1638 2254 proprietas

227 2267 402 2312 quaedam
431 2278 656 2311 consequens
683 2266 879 2300 humanam
905 2277 1080 2309 naturam,
1099 2276 1135 2300 ut
1154 2268 1190 2300 in
1216 2279 1326 2301 unum
1354 2267 1539 2312 politicum
1559 2280 1640 2302 cor-

226 2338 290 2371 pus
317 2336 585 2371 congregatam.
624 2326 719 2370 Ergo
760 2326 861 2360 datur
897 2326 1103 2360 immediate
1133 2339 1151 2360 a
1189 2327 1280 2369 Deo,
1308 2335 1347 2360 ut
1373 2336 1427 2361 est
1454 2337 1577 2362 auctor
1605 2336 1640 2363 et

227 2386 391 2430 provisor
418 2385 495 2419 talis
523 2394 680 2422 naturae.
707 2399 722 2417 υ
754 2385 864 2427 Quod
892 2394 1142 2431 argumentum
1169 2386 1310 2431 saepius
1338 2386 1492 2422 inculcat
1511 2388 1585 2422 sive
1602 2388 1639 2421 in

227 2457 336 2490 opere
363 2446 483 2487 citam,
511 2445 585 2479 sive
612 2446 646 2479 in
675 2445 762 2479 libro
790 2447 848 2481 III.
877 2446 919 2480 de
947 2447 1094 2492 legibus,
1123 2447 1183 2481 illo
1211 2448 1349 2482 innixus
1375 2449 1560 2495 principio,
1580 2451 1640 2496 qui

227 2505 284 2539 dut
303 2505 455 2551 sormam
483 2504 541 2539 dat
567 2508 800 2552 consequentia
829 2507 871 2540 ad
890 2506 1053 2552 sormam.
