1705 2787
63 159 184 207 Adae
201 163 269 207 vel
284 162 488 205 Abrahae
512 175 588 206 aut
613 164 693 206 alia
719 162 855 206 simili
878 163 924 205 in
948 162 1168 220 principio
1193 156 1483 204 obediebatur
1526 195 1528 197 .

63 235 237 279 Adamo
273 246 506 292 tamquam
541 235 715 292 parenti
762 250 840 277 seu
885 232 1219 291 patrifamilia33
1255 244 1297 275 et
1331 242 1485 289 postea

66 318 290 349 crescente
323 306 506 363 popul0‚
542 307 689 362 potuit
713 304 933 348 subiectio
957 304 1029 347 illa
1053 304 1306 346 continuari
1330 314 1372 344 et
1394 316 1490 345 con-

66 391 208 419 sensus
243 373 420 418 extendi
454 373 507 417 ad
531 373 836 417 obediendum
859 374 923 417 illi
947 374 1080 416 etiam
1105 385 1156 416 ut
1178 373 1284 429 regi,
1308 369 1487 430 quando

65 447 368 491 communitas
402 445 474 488 illa
507 446 652 502 coepit
687 460 781 487 esse
816 443 1022 502 perfecta.
1048 445 1102 487 Et
1135 443 1322 487 fortasse
1348 443 1489 485 multa

67 534 215 576 regna,
249 530 291 561 et
325 519 370 560 in
405 516 661 574 particulari
694 518 892 573 primum
918 531 1110 574 regnum
1133 517 1362 560 Romanae
1387 515 1490 557 civi-

67 591 182 644 tatis,
214 590 274 632 ita
306 589 585 646 inceperunt.
623 604 643 627 »
669 626 672 633 A
1104 644 1107 648 Ι

155 661 208 704 Π.
223 661 338 704 PARS
357 674 546 704 ALTERA.
569 659 819 716 Exponitur
840 659 1010 702 theoria
1031 660 1077 702 de
1100 660 1350 716 suprematia
1361 658 1489 716 plebis

67 732 120 776 ad
154 744 349 775 mentem
387 732 636 785 Rousseau⁷
684 743 818 787 prout
853 731 922 773 hic
958 746 1054 773 eam
1091 729 1284 785 tradidit,
1310 731 1487 788 potissi-

68 819 195 846 mum
228 804 274 845 in
310 801 437 857 libro,
487 803 539 846 du
575 810 730 845 contrat
764 802 902 856 smial,
937 817 1072 859 quem
1120 815 1349 844 auctorem
1395 817 1489 859 pas-

67 877 151 918 sim
186 886 437 932 sequuntur
472 873 755 915 recentiores,
792 873 951 924 Quum
986 887 1092 915 vero
1117 871 1169 915 de
1207 872 1375 914 theoria
1411 872 1490 914 hac

68 948 156 990 iam
189 946 329 989 locuti
364 946 505 988 simus
541 957 583 987 et
616 943 705 987 fere
731 945 880 986 omnia
907 943 1150 986 dixerimus
1174 944 1218 986 in
1245 943 1361 986 thesi
1384 958 1490 1001 qua-

66 1019 314 1076 dragesima
348 1016 556 1071 secunda,
591 1017 695 1059 satis
731 1017 812 1058 erit
846 1018 1080 1073 praecipua
1115 1017 1323 1059 recolere.

191 1089 270 1149 1.⁰)
303 1090 354 1132 In
388 1088 467 1131 hac
501 1089 736 1142 sententia,
771 1089 1011 1130 auctoritas
1046 1089 1140 1145 ipsa
1175 1089 1329 1142 civiliS,
1366 1091 1411 1133 in
1446 1105 1490 1131 se

67 1174 273 1220 spectata,
309 1160 535 1204 undenam
560 1158 792 1217 procedit?
828 1187 880 1191 —
911 1160 1072 1203 Oritur
1097 1175 1148 1202 ex
1172 1160 1329 1203 eodem
1354 1161 1489 1215 fonte,

67 1250 118 1276 ex
143 1248 233 1291 quo
257 1234 302 1275 in
327 1232 547 1275 sententia
572 1231 650 1273 hac
675 1230 837 1274 dicitur
863 1233 983 1274 nasci
1007 1232 1146 1274 civilis
1172 1233 1264 1289 ipsa
1289 1235 1490 1287 societas,

66 1307 93 1348 i.
129 1321 165 1350 e.
199 1320 221 1347 a
255 1304 396 1348 libero
445 1303 686 1346 hominum
735 1318 974 1346 consensu.
1024 1305 1125 1346 Huc
1159 1303 1326 1347 faciunt
1359 1305 1489 1348 verba

68 1379 297 1421 Rousseau
319 1375 416 1435 (1):
454 1393 474 1415 ‹<
512 1375 574 1418 Ce
609 1374 727 1417 droit
762 1392 816 1417 ne
851 1376 972 1418 vient
1006 1377 1133 1432 point
1167 1375 1219 1419 de
1255 1376 1291 1418 la
1318 1389 1488 1420 nature:

66 1449 95 1492 il
128 1461 193 1491 est
228 1448 341 1491 donc
376 1446 509 1490 fonde
544 1463 621 1489 sur
656 1446 731 1489 des
767 1449 1079 1491 conventious.
1110 1466 1129 1488 »

184 1520 268 1579 2.⁰)
304 1521 357 1563 Et
391 1518 496 1577 quid
533 1532 597 1562 est
633 1535 841 1576 suprema
867 1521 1004 1562 civilis
1030 1522 1308 1564 auctoritas?
1334 1548 1383 1551 2—
1414 1522 1488 1563 Est

66 1607 241 1636 summa
275 1607 352 1634 seu
388 1592 645 1648 aggregatio
681 1593 889 1634 omnium
924 1593 1106 1647 iuriam,
1131 1592 1295 1650 quibus
1321 1594 1490 1650 pollent

66 1664 320 1724 quibusque
354 1679 399 1706 se
434 1665 683 1721 exspoliant
717 1663 958 1719 individua,
983 1680 1094 1722 quae
1119 1666 1329 1708 socialem
1355 1666 1490 1708 vitam

67 1737 369 1794 paciscuntur,
403 1735 539 1778 simul
572 1735 881 1778 collectorum.
920 1753 939 1775 «
977 1737 1178 1778 Potestas
1213 1737 1407 1794 politica,
1432 1738 1490 1779 ait

67 1807 214 1851 Locke
238 1806 325 1866 (2),
360 1820 425 1850 est
459 1820 654 1865 potestas
688 1808 774 1863 illa,
810 1823 946 1866 quam
980 1808 1167 1866 quilibet
1195 1809 1334 1852 homo
1360 1809 1491 1853 habet

67 1880 111 1922 in
145 1891 260 1922 statu
297 1891 495 1935 naturae,
531 1892 572 1922 et
596 1895 731 1937 quam
757 1881 838 1936 ipsi
874 1880 1246 1924 concrediderunt
1282 1881 1489 1924 manibus

66 1952 198 1995 unius
223 1952 461 2008 societatis,
487 1965 527 1995 et
553 1968 688 2010 quam
725 1952 829 1996 haec
865 1955 1112 1997 transmisit
1145 1954 1368 2013 aliquibus
1409 1954 1488 1998 du—

134 2156 180 2197 (1)
208 2154 266 2188 Du
294 2159 402 2189 contr.
428 2166 492 2190 soc.
521 2154 540 2189 l.
573 2167 599 2190 1.
629 2166 656 2189 c.
690 2167 718 2190 1.
747 2156 948 2189 «Potestas
977 2155 1131 2199 politica,
1163 2156 1209 2191 ait
1237 2155 1367 2201 Lot-ke,
1395 2167 1488 2202 essa-v

67 2224 108 2249 on
135 2215 219 2250 cz'vil
245 2220 467 2260 ιιζοτέηιιφωηί
495 2215 549 2249 ch.
578 2216 684 2256 XIV„
727 2227 831 2249 suam
860 2217 967 2249 trahit
994 2217 1172 2261 originem
1201 2229 1219 2250 a
1249 2217 1490 2252 conventione

65 2285 99 2310 et
116 2287 135 2309 a
149 2284 274 2310 mutuo
291 2286 470 2309 consensu
487 2286 624 2317 eorum,
642 2276 698 2320 qui
717 2276 954 2310 coiveruutad
967 2276 1228 2311 efformandam
1239 2278 1489 2313 societatem.»

63 2336 114 2370 Ex
140 2336 209 2371 hoc
239 2346 362 2382 opusc.
391 2336 508 2371 hausit
536 2337 724 2371 Rousscau
745 2338 862 2372 ideam
884 2350 922 2372 ac
942 2339 1110 2384 principia
1136 2339 1418 2374 fundamentalia
1439 2340 1490 2373 sui

65 2396 195 2441 operis,
225 2395 268 2429 du
298 2401 433 2430 contrat
459 2397 576 2431 soct'al.

137 2456 192 2500 (Δ)
222 2456 291 2501 Op.
322 2468 354 2491 et
383 2457 450 2493 loc.
479 2470 570 2491 nuuc
600 2460 654 2492 cit.
