1705 2787
687 90 740 99 ὼ
775 72 858 124 '235
897 90 948 99 ⁴.

106 169 222 217 ultra
254 169 610 231 designationem
642 189 873 232 personae,
908 186 950 217 et
983 186 1091 216 tunc
1125 173 1300 216 etiamsi
1332 173 1430 216 talis
1455 184 1530 230 po-

104 256 237 287 testas
269 242 617 288 fundamentum
650 244 807 288 habeat
839 246 885 287 in
920 244 1066 302 aliqua
1099 243 1341 288 donatione
1379 243 1531 287 divina

101 315 228 358 alteri
258 313 385 371 facta,
417 314 713 358 nihilominus
748 315 927 359 collatio
972 316 1059 373 illa,
1105 332 1216 374 quae
1264 327 1418 374 postea
1466 313 1531 371 fit,

102 385 362 443 simpliciter
395 397 462 428 est
494 385 546 428 de
579 387 675 428 iure
710 386 909 429 humano
945 399 987 429 et
1022 402 1114 430 non
1150 387 1317 444 divino,
1356 399 1399 430 et
1449 386 1532 428 im-

102 456 293 500 mediate
325 456 378 499 ab
412 457 597 500 homine
631 473 723 500 non
758 474 780 501 a
814 459 910 501 Deo
945 470 1026 502 etc.
1065 477 1101 502 ».
1142 460 1294 503 Patres
1345 457 1530 516 quidem

103 528 359 572 cardinales
393 528 566 586 eligunt
599 530 840 573 Summum
874 530 1279 588 P‹)11tificem,quin
1314 531 1354 572 ei
1387 542 1529 573 trans-

102 600 284 642 mittant
315 610 597 657 potestatem,
631 615 765 657 quam
799 600 966 642 scilicet
1000 616 1089 644 non
1139 600 1318 643 habent.
1356 601 1416 643 At
1462 615 1528 641 se-

103 669 302 713 cundum
334 670 604 724 sententiam
636 682 853 727 veterum,
889 672 1190 714 communitas
1225 670 1357 714 habet
1390 672 1436 714 in
1460 685 1526 712 se—

102 743 196 799 ipsa
227 752 512 799 potestatem,
545 752 588 783 et
621 740 701 784 hac
735 742 878 784 utitur
912 758 949 785 e.
983 758 1024 799 g.
1059 742 1111 785 ad
1144 740 1527 787 determinandam

101 817 294 856 formam
311 813 646 856 monarchicam
671 814 819 870 potius
840 829 974 871 quam
988 813 1334 858 democraticam
1354 828 1526 871 reprae-

104 885 383 941 sentativam‚
406 883 460 927 ad
484 883 855 927 constituendum
892 901 1033 928 unum
1070 887 1218 943 potius
1253 900 1388 944 quam
1412 884 1524 928 duos

102 968 256 1000 coetus
289 971 371 1013 pro
404 956 615 999 exercitio
665 955 869 1013 legiferae
922 959 1170 1014 potestatis.
1205 959 1360 1001 Potest
1403 971 1524 1000 com-

102 1029 300 1071 munitas
333 1028 597 1071 auctoritate
632 1028 823 1084 seipsam
857 1030 1030 1086 privare
1072 1028 1338 1087 apponendo
1373 1028 1524 1072 condi-

103 1103 247 1144 tiones
290 1101 381 1143 sive
414 1100 646 1157 temporiS,
680 1115 715 1141 e.
751 1115 791 1156 g.
826 1101 885 1142 ita
922 1114 971 1143 ut
1005 1114 1105 1158 post
1148 1102 1435 1159 septennium
1477 1102 1523 1143 in

102 1173 433 1231 possessionem
482 1170 630 1214 redeat
663 1187 769 1213 suae
803 1174 1050 1229 potestatis,
1098 1175 1188 1216 sive
1227 1172 1365 1229 modi,
1409 1188 1446 1215 e.
1479 1188 1521 1230 g.

102 1243 352 1288 dummodo
386 1245 503 1301 leges
538 1242 756 1302 quaedam
790 1243 1143 1288 fundamentales
1183 1245 1399 1288 stabiliter
1432 1260 1521 1287 ser-

103 1330 279 1361 ventur.

191 1390 236 1448 c)
269 1387 354 1432 Sed
387 1400 509 1444 tunc,
543 1403 731 1431 curnam
776 1400 971 1445 potestas
1020 1388 1124 1431 haec
1158 1388 1320 1431 dicitur
1354 1388 1524 1431 mediate

101 1477 123 1504 a
156 1463 254 1504 Deo
288 1460 383 1503 dari
415 1459 629 1517 regibus?
665 1485 718 1492 -
755 1476 776 1499 «
813 1458 1019 1516 Mediate,
1059 1462 1118 1502 ait
1166 1460 1398 1503 Suaresius
1432 1458 1520 1518 (1),

101 1533 263 1577 dicitur
296 1534 419 1576 Deus
442 1532 543 1575 dare
568 1532 680 1574 hanc
715 1544 983 1589 potestatem
1008 1533 1202 1590 regibus,
1224 1559 1276 1564 —-
1296 1546 1394 1576 tum
1418 1535 1521 1591 quia

101 1605 358 1650 immediate
381 1604 500 1649 dedit
523 1604 645 1648 illam
679 1605 863 1661 popum,
889 1606 964 1663 qui
987 1606 1031 1648 in
1059 1621 1212 1662 regem
1237 1605 1359 1648 illam
1382 1617 1522 1649 trans-

101 1678 219 1734 tulit,
238 1702 292 1708 —
311 1689 410 1720 tum
444 1677 545 1734 quia
569 1677 691 1718 Deus
710 1677 843 1717 etiam
868 1676 971 1718 huic
1006 1678 1287 1719 translationi
1320 1677 1522 1733 proxime

101 1765 124 1792 a
156 1749 324 1807 populo
357 1747 494 1791 factae
519 1748 743 1790 consentit
768 1760 809 1789 et
834 1760 1101 1803 cooperatur
1126 1760 1355 1805 tamquam
1379 1748 1522 1804 prima

102 1836 145 1866 et
177 1821 440 1866 universalis
473 1836 603 1864 causa
637 1846 689 1851 —
724 1833 822 1862 tum
857 1819 1048 1875 denique
1082 1820 1185 1876 quia
1219 1820 1339 1862 illam
1363 1834 1521 1876 appro-

104 1895 174 1938 bat
207 1907 249 1937 et
281 1895 447 1937 servari
478 1893 589 1936 vult.
624 1893 749 1935 Sicut
781 1892 915 1933 etiam
948 1890 1016 1932 lex
1041 1890 1237 1932 humana
1264 1889 1520 1933 immediate

101 1966 283 2026 quidem
317 1966 484 2023 obligat
517 1981 569 2007 ex
602 1965 831 2008 voluntate
866 1963 1084 2019 Principis
1120 1962 1307 2005 humani
1339 1961 1521 2005 ferentis

101 2040 236 2095 illam,
269 2035 459 2079 mediate
493 2050 599 2079 vero
635 2036 767 2077 etiam
803 2032 969 2088 obligat
1004 2050 1055 2074 ex
1088 2033 1129 2074 vi
1159 2033 1404 2074 voluntatis
1439 2032 1522 2075 Dei

101 2111 306 2166 volentis,
340 2121 390 2152 ut
423 2109 634 2166 legitimis
670 2104 949 2162 Principibus
986 2103 1233 2160 obediatur,
1257 2105 1377 2146 iuxta
1412 2102 1522 2146 illud

101 2183 234 2239 Petri,
271 2181 442 2226 subiecti
474 2189 587 2223 estote
621 2192 702 2222 etc.
721 2179 817 2236 quia
838 2178 932 2220 haec
957 2186 1010 2220 est
1032 2176 1220 2219 voluntas
1245 2177 1339 2220 Dei.
1363 2193 1382 2216 »
1405 2177 1523 2219 Haec

101 2267 251 2299 autem
283 2253 526 2311 sufficiunt,
574 2265 622 2297 ut
656 2267 780 2310 reges
815 2250 1016 2294 dicantur
1061 2251 1242 2294 ministri
1275 2249 1369 2293 Dei.
1407 2264 1427 2288 «
1464 2247 1526 2291 Ut

175 2490 232 2536 (1)
259 2487 343 2525 Ibid.
372 2499 469 2525 num,
501 2498 552 2534 13.
582 2487 636 2523 Ci'.
665 2487 772 2521 etiam
801 2493 876 2530 cap.
905 2481 962 2520 ΙΙΙλ
991 2497 1086 2519 num
1120 2494 1172 2524 12.
