1705 2787
674 94 727 99 -.
763 83 815 125 35
852 93 904 98 -.

71 201 129 207 -
163 175 225 234 ³.)
255 174 415 219 Idcirco
449 174 589 218 divina
620 176 884 232 providentia
917 192 1120 234 magnam
1142 176 1291 220 indidit
1313 176 1508 219 humanis

69 245 305 303 pectoribus
337 245 620 289 diversitatem
652 246 929 303 aptitudinum
964 247 1014 292 ad
1046 248 1157 290 varia
1205 246 1341 290 officia
1383 258 1506 304 atque

70 319 413 378 propensionum.
447 316 513 359 De
544 315 672 359 tribus
704 317 816 361 hisce
848 318 1002 376 aliquid
1036 318 1234 362 dicamus.

159 390 190 433 I.
226 389 357 442 Quod
388 400 542 446 spectat
574 388 625 433 ad
650 391 847 448 primum,
881 390 963 433 hoc
995 390 1123 433 Danti
1146 392 1200 433 ita
1223 390 1392 435 evidens
1416 390 1503 444 fuit,

71 473 115 504 ut
133 462 309 505 omnino
327 458 582 517 superfluum
601 459 762 503 duxerit
786 462 993 504 rationem
1012 462 1097 504 eius
1116 477 1336 518 quaerere:
1361 463 1505 518 ragina

72 547 151 576 non
183 532 368 590 chieggio.
403 532 549 574 Homo
572 530 778 578 solitarius
800 545 903 590 quot
927 534 1172 590 quantisque
1201 531 1332 586 bonis,
1358 531 1504 590 quibus

68 606 113 648 in
144 603 255 647 civili
285 605 499 646 consortio
532 604 694 656 fruitur,
728 605 904 647 careret!
939 605 986 647 In
1018 605 1123 647 vitae
1157 616 1252 648 ortu
1283 620 1351 646 seu
1385 605 1427 647 in
1447 605 1504 647 in-

70 675 194 719 fantia
216 686 369 718 careret
391 673 588 727 subsidio,
608 674 843 732 eodemque
861 675 1150 719 destitueretur
1170 676 1211 718 in
1228 676 1334 718 'vitae
1355 691 1503 718 occasu

68 749 95 790 i.
128 762 163 789 e.
196 747 239 789 in
270 758 491 790 senectute.
525 747 682 790 Nonne
716 758 869 789 careret
903 746 996 789 cibo
1046 745 1097 790 ad
1146 745 1264 788 famis
1312 745 1503 788 stimulos

67 819 285 873 sedandos,
319 819 497 862 vestibus
530 832 675 864 contra
708 820 855 863 hiemis
888 822 1163 877 asperitatem,
1188 819 1503 863 medicamentis

67 890 119 935 ad
150 891 322 935 morbos
355 891 652 949 depellendos?
684 891 879 945 Ubinam,
909 907 1076 949 quaeso,
1101 893 1304 934 inveniret
1328 890 1501 934 tutelam

67 964 110 1006 in
140 963 342 1021 periculiS,
376 964 418 1006 in
450 962 569 1006 rebus
602 963 734 1007 dubiis
767 964 1000 1017 consilium,
1026 964 1215 1006 solamen
1238 964 1279 1005 in
1302 962 1496 1016 adversis,

64 1033 354 1078 adiumentum
387 1034 437 1078 ad
469 1033 560 1077 finis
593 1034 728 1078 ultimi
763 1047 803 1078 et
837 1035 1059 1079 moralium
1094 1034 1331 1078 officiorum
1359 1035 1500 1091 cogni-

66 1103 225 1145 tionem
258 1103 581 1160 acquirendam?

153 1175 203 1218 H.
237 1174 304 1219 Ad
327 1175 503 1219 alterum
526 1175 639 1233 quod
658 1176 813 1229 attinet,
837 1175 877 1219 id
901 1175 1143 1219 Aristoteles
1166 1175 1248 1234 (Ι),
1273 1176 1300 1219 il
1332 1183 1499 1218 maestro

65 1246 109 1290 di
139 1247 240 1291 color
272 1248 334 1290 che
365 1262 508 1299 sunno,
541 1247 721 1291 ostendit
752 1264 802 1290 ex
835 1263 989 1304 magna
1010 1249 1204 1290 varietate
1228 1263 1404 1305 operum
1425 1263 1496 1289 seu

63 1339 216 1378 rerum,
233 1323 380 1381 quibus
398 1325 540 1368 civitas
560 1323 729 1381 indiget,
754 1337 797 1367 ut
821 1323 924 1366 bene
948 1325 1011 1368 sit.
1038 1350 1091 1354 —
1120 1342 1139 1364 «
1160 1324 1349 1367 Primum
1373 1325 1499 1380 igitur

60 1395 308 1449 ali77zentzmz,
343 1394 490 1439 deinde
522 1403 626 1438 artes
657 1408 873 1453 suppetere
898 1395 1069 1439 debent:
1094 1397 1177 1438 vita
1199 1397 1312 1438 enim
1345 1396 1497 1438 instru-

62 1467 214 1510 mentis
247 1465 418 1523 indiget.
452 1466 601 1510 Tertio
635 1466 732 1510 loco
766 1481 885 1509 {trum
933 1466 1227 1511 desiderantur.
1271 1467 1384 1510 Nam
1427 1469 1497 1523 qui

62 1537 306 1596 reipublicae
338 1540 685 1582 communionem
734 1540 925 1592 inierunt,
976 1538 1053 1581 hos
1103 1540 1227 1581 armis
1276 1540 1497 1581 instructos

58 1625 148 1653 esse
181 1622 359 1668 oportet,
392 1622 482 1653 tum
515 1610 566 1654 ad
598 1610 801 1654 tuendum
834 1612 1057 1667 imperium
1090 1622 1133 1653 ut
1158 1610 1197 1654 id
1223 1610 1494 1654 detrectantes

58 1694 336 1735 coerceantur,
350 1694 443 1725 tum
455 1681 504 1726 ad
519 1684 605 1725 vim
624 1682 950 1740 propulsandam
969 1683 1000 1724 si
1021 1683 1111 1739 quis
1132 1683 1325 1725 iniuriam
1345 1684 1495 1725 extrin-

61 1769 174 1797 secus
206 1753 354 1797 inferre
387 1767 571 1799 conetur.
605 1755 823 1797 Praeterea
848 1756 1114 1813 pecuniarum
1148 1756 1267 1811 copia
1290 1754 1493 1811 quaedam

62 1824 113 1869 ad
144 1841 239 1867 usus
268 1837 310 1868 et
342 1825 480 1868 civiles
512 1838 551 1869 et
586 1826 780 1869 militares
815 1824 956 1868 adesse
989 1824 1124 1869 debet.
1159 1825 1318 1877 Quinta
1350 1837 1409 1868 est
1433 1841 1492 1879 ea,

15 1954 22 1959 ³
61 1910 163 1952 quae
207 1898 344 1953 primo
391 1896 487 1940 loco
534 1896 727 1954 ponenda
774 1895 861 1949 fuit,
896 1892 1064 1953 πῖμπτεν
1111 1894 1151 1938 δὲ
1200 1893 1269 1937 καὶ
1316 1900 1490 1953 madito-J„

60 1982 197 2010 rerum
228 1966 464 2011 divinarum
496 1969 747 2024 procuratio,
782 1967 896 2024 quod
938 1967 1202 2010 szzccmz'otimn
1251 1966 1490 2025 appellatur.

54 2037 244 2092 Sextum,
297 2040 570 2096 omniumque
624 2041 807 2082 maxime
856 2041 1145 2092 necessarium,
1198 2039 1389 2082 iudicimn
1442 2038 1492 2083 de

59 2108 294 2152 commodis
318 2108 560 2166 reipublicae
584 2122 623 2152 et
643 2109 692 2153 de
718 2109 870 2152 iuribus
889 2125 992 2166 quae
1012 2110 1115 2152 inter
1132 2110 1242 2152 cives
1266 2109 1492 2166 disceptan-

58 2191 135 2222 tur.
169 2179 280 2222 Haec
313 2181 438 2237 igitur
472 2180 555 2224 fsre
588 2193 681 2223 sunt
726 2197 865 2238 opera,
915 2197 1018 2238 quae
1066 2182 1107 2223 in
1159 2182 1276 2224 omni
1323 2183 1489 2224 civitate

58 2250 349 2296 desiderantur.
385 2253 540 2296 Civitas
575 2253 687 2295 enim
720 2252 944 2296 multitudo
978 2265 1037 2296 est
1071 2269 1156 2295 non
1190 2254 1370 2310 quaevis,
1422 2251 1492 2295 sed

55 2337 160 2379 quae
190 2322 264 2366 sibi
295 2325 376 2366 suis
411 2323 562 2367 viribus
595 2323 743 2366 sufficit
764 2324 813 2368 ad
848 2326 976 2367 vitam
999 2324 1233 2381 degendam
1266 2324 1338 2383 (en
1364 2326 1492 2367 socie-

125 2455 181 2500 (1)
207 2455 344 2489 Politic.
373 2455 394 2490 l.
422 2457 500 2490 VII.
531 2468 557 2490 c.
589 2467 617 2500 7.
649 2456 702 2491 Cf.
731 2457 838 2491 etiam
865 2456 885 2489 l.
916 2457 977 2491 IV.
1005 2468 1033 2490 c.
1065 2467 1093 2501 3.
