1705 2787
774 54 1032 95 -26zss-

195 172 312 213 tant3
348 159 428 217 29)
454 160 481 202 ii
507 175 702 217 quoque,
727 160 802 217 qui
828 160 1165 203 communitatis
1193 161 1374 204 nomine
1399 173 1439 204 et
1463 171 1614 205 aucto-

196 231 322 273 ritate
358 229 605 272 subiectum
643 245 876 287 supremae
911 231 1142 287 potestatis
1186 244 1360 274 mutare
1381 231 1454 290 (1)
1498 246 1616 289 prae-

194 314 396 345 sumunt.
434 328 485 332 —
511 302 691 344 Frustra
715 302 759 344 in
786 301 984 344 medium
1009 301 1240 358 proferunt
1276 304 1613 346 communitatis

196 388 362 415 nomen
398 385 438 414 et
473 373 800 415 auctoritatem.
835 373 950 416 Nam
970 374 1121 429 prims),
1146 388 1402 429 supremam
1421 385 1612 430 potesta-

197 458 285 488 tem
321 446 523 501 princeps
560 460 650 487 non
696 460 884 501 semper,
922 457 967 487 ut
1016 446 1101 487 iam
1153 445 1448 499 ostendimus,
1483 445 1614 488 habet

196 534 246 559 ex
281 531 501 559 consensu
539 532 614 558 seu
652 516 868 559 electione
918 517 1269 559 communitatis.
1321 518 1373 559 Et
1423 517 1613 573 secundo,

196 600 301 629 tunc
335 587 468 628 etiam
503 585 682 644 quando
718 587 920 643 princeps
957 598 1221 643 potestatem
1257 586 1386 629 habet
1421 602 1471 630 ex
1506 601 1609 629 con-

196 673 327 699 sensu
364 658 716 712 communitatis,
753 675 772 697 «
801 673 890 699 non
928 659 1025 700 licet
1050 657 1217 714 populo
1243 658 1376 700 semel
1412 656 1612 700 subiecto

195 741 461 786 potestatem
487 730 601 785 regis
626 730 765 785 magis
792 730 1073 785 restringere,
1098 743 1231 786 quam
1257 730 1300 789 in
1327 729 1467 786 prima
1492 742 1610 772 tran-

195 802 381 844 slatione
406 815 481 843 seu
510 802 807 843 conventione
833 802 1033 844 restricta
1057 800 1139 843 fuit
1162 800 1420 858 (multoque
1446 801 1612 857 minus,

195 887 290 914 eam
325 870 556 929 adimere),
591 873 692 929 quia
728 871 769 914 id
805 888 894 915 non
941 873 1157 929 permittit
1192 871 1259 914 lex
1292 871 1361 914 illa
1397 872 1610 928 iustitiae,

194 957 303 999 quae
339 941 480 997 docet,
507 941 700 998 legitima
729 956 851 999 pacta
891 942 1103 985 servanda
1129 958 1236 996 esse‚
1261 955 1301 985 et
1321 941 1609 985 donationem

193 1013 445 1056 absolutam
480 1014 618 1056 semel
652 1013 793 1057 valide
827 1013 983 1057 factam
1021 1015 1215 1057 revocari
1252 1029 1341 1056 non
1377 1029 1506 1070 posse
1531 1030 1606 1056 ne-

195 1102 279 1143 que
315 1086 357 1127 in
393 1097 539 1127 totum
576 1101 721 1142 neque
757 1102 806 1127 ex
840 1097 961 1142 parte
997 1097 1038 1127 et
1073 1086 1264 1127 maxime
1298 1083 1476 1140 quando
1502 1100 1605 1127 one-

197 1172 291 1199 rosa
328 1155 407 1198 fuit
443 1155 529 1213 (2).
557 1174 576 1196 »
615 1157 680 1198 De
715 1155 876 1213 quibus
912 1171 1013 1198 cum
1049 1156 1181 1213 paulo
1217 1169 1317 1198 ante
1354 1155 1524 1198 dictum
1543 1159 1612 1203 sit,

266 1322 316 1365 (Ι)
345 1322 487 1367 Ergone
515 1334 710 1367 numquam
731 1323 812 1356 licet
831 1322 981 1355 civitatis
1002 1320 1298 1354 constitutionem
1317 1319 1480 1352 mutare?
1499 1319 1614 1354 Num-

195 1393 302 1427 quam
329 1382 363 1414 id
391 1381 473 1415 licet
499 1393 561 1426 per
589 1391 698 1418 actus,
728 1383 785 1427 qui
814 1383 882 1415 sint
910 1380 1058 1414 violatio
1099 1378 1218 1422 legum
1259 1379 1423 1420 iustitiae,
1459 1379 1517 1424 qui
1545 1379 1615 1413 sint

194 1439 348 1474 defectio
377 1451 395 1473 a
423 1439 491 1473 fide
520 1439 600 1474 data
628 1440 852 1485 principibus,
882 1439 939 1484 qui
961 1439 1030 1471 sint
1050 1446 1147 1471 actus
1168 1435 1384 1470 rebellionis.
1403 1437 1523 1470 Verba
1544 1437 1615 1471 iam

195 1497 375 1532 attulimus
404 1498 534 1532 Leonis
561 1498 677 1532 Killa
709 1511 724 1528 c(
750 1497 847 1532 Nihil
878 1506 941 1538 est,
971 1508 1031 1529 cur
1057 1507 1130 1529 non
1157 1494 1338 1529 Ecclesiae
1368 1495 1536 1540 probetur
1557 1505 1616 1530 aut

196 1559 298 1591 unius
327 1566 385 1591 aut
405 1557 556 1601 plurium
574 1558 804 1602 principatus,
826 1557 934 1590 niodo
955 1557 1066 1589 iustus
1087 1555 1130 1589 sit
1152 1563 1184 1588 et
1205 1555 1246 1588 ad
1267 1565 1499 1588 communem
1520 1554 1614 1588 utili-

195 1625 306 1651 tatem
333 1617 501 1650 intentus.
531 1617 789 1657 Quamobrem,
830 1616 927 1649 mlvii
969 1615 1112 1655 institia,
1141 1625 1212 1647 non
1241 1612 1473 1657 prohibentur
1494 1613 1613 1658 populi

194 1675 278 1708 illud
306 1675 369 1708 sibi
398 1686 510 1718 genus
539 1686 747 1719 comparare
787 1673 1012 1719 reipublicae,
1054 1672 1148 1717 quod
1177 1681 1236 1706 aut
1267 1673 1427 1717 ipsorum
1464 1673 1613 1717 ingenio

197 1744 256 1769 aut
282 1735 460 1768 maiorum
487 1735 656 1769 institutis
685 1735 915 1779 moribusque
943 1733 1058 1777 magis
1087 1741 1166 1777 apte
1206 1733 1443 1766 conveniat.»
1474 1752 1516 1757 -
1545 1733 1610 1766 Hic

197 1804 317 1828 autem
344 1794 472 1828 iuverit
499 1793 604 1827 aliam
633 1794 763 1827 addere
786 1792 1147 1826 animadversionem.
1176 1792 1212 1824 S.
1241 1791 1402 1825 Thomas
1434 1802 1542 1835 agens
1571 1791 1613 1824 de

197 1854 395 1887 mutatione
423 1852 544 1897 legum
570 1852 819 1888 humanarum,
848 1853 883 1885 in
914 1863 945 1885 Ι.
975 1861 1004 1884 2.
1034 1862 1064 1895 q.
1094 1861 1148 1895 97.
1178 1862 1206 1883 a.
1236 1860 1277 1891 2.‚
1306 1851 1463 1895 inquirit,
1493 1859 1610 1884 utrum

197 1912 249 1945 lex
279 1913 434 1946 humana
464 1912 508 1945 sit
535 1912 705 1945 mutanda
734 1911 876 1956 quando
905 1911 1057 1944 occurrit
1077 1909 1205 1954 aliquid
1228 1909 1365 1942 melius.
1399 1909 1609 1954 Respondet

197 1981 326 2013 autem,
354 1972 386 2004 id
417 1971 490 2005 sieri
519 1983 591 2004 non
620 1971 759 2010 debere,
788 1971 853 2004 nisi
883 1969 1011 2014 duplici
1038 1962 1105 2003 hac
1134 1969 1175 2001 de
1203 1979 1319 2009 causa,
1351 1980 1366 1997 α
1388 1968 1443 2001 vel
1476 1980 1517 2002 ex
1545 1967 1614 2001 hoc

197 2030 291 2075 quod
322 2029 437 2075 aliqua
466 2031 615 2063 maximia
637 2039 669 2063 et
689 2029 941 2062 uvidumtixsinnc
960 2027 1091 2061 utilitas
1108 2038 1149 2060 ex
1168 2038 1263 2060 novo
1284 2035 1416 2060 statuto
1434 2027 1614 2071 provenit,

194 2089 250 2123 vel
279 2102 319 2123 ex
348 2101 390 2122 eo
418 2089 513 2134 quod
542 2098 595 2123 est
622 2091 768 2122 naui-ima
797 2089 1003 2129 necessitas,
1032 2098 1073 2120 ex
1101 2098 1144 2120 eo
1163 2087 1257 2131 quod
1278 2086 1331 2120 lex
1351 2095 1522 2121 consueta
1543 2096 1612 2129 aut,

198 2150 408 2193 inaminatum
436 2149 661 2193 iniquitatem
690 2149 861 2189 continet,
891 2155 949 2181 aut
977 2147 1051 2180 eius
1089 2147 1314 2179 conservatio
1346 2154 1398 2179 est
1421 2145 1614 2192 plurinmmu,

196 2209 334 2241 nociva.
354 2223 367 2238 υ
399 2207 469 2241 (Cf.
499 2207 570 2240 ml,
601 2219 627 2241 1.
657 2220 735 2252 pig.
769 2206 844 2253 396.
874 2207 991 2240 adnot.
1014 2206 1072 2250 3.).
1095 2206 1192 2240 Haec
1213 2218 1230 2239 a
1250 2204 1388 2239 fortiori
1409 2205 1609 2250 exiguntur,

197 2267 339 2311 quando
368 2268 482 2309 agitur
501 2267 543 2300 de
564 2268 641 2311 ipso
662 2267 848 2311 potestatis
868 2265 1038 2310 legiferae
1056 2265 1216 2298 subiecto
1236 2265 1420 2305 mutando,
1439 2265 1475 2298 in
1494 2264 1613 2310 hypo-

197 2325 287 2359 thesi
319 2325 426 2358 ctiam
453 2325 547 2369 quod
575 2326 725 2359 mutatio
753 2325 865 2369 possit
884 2324 1091 2369 ceteroquin
1120 2323 1193 2357 fieri
1221 2322 1335 2358 licite:
1356 2323 1461 2357 debet
1481 2322 1614 2358 scilicet

198 2383 351 2415 maxima
380 2382 437 2415 illa
465 2384 658 2416 necessitas
690 2384 823 2416 adesse.

274 2441 329 2483 (2)
358 2441 472 2475 Yet-ba
504 2453 581 2476 sunt
611 2443 776 2477 Suaresii.
808 2442 862 2476 (Lf.
891 2453 995 2487 super
1022 2453 1102 2487 pag.
1131 2451 1207 2486 229.
