1705 2787
786 81 1047 128 —324—

204 181 367 235 cogitat
402 179 452 222 de
488 179 645 222 mortis
681 194 822 236 poena
846 193 865 220 a
895 177 1065 235 legibus
1102 177 1303 221 civilibus
1339 192 1419 235 pro
1452 177 1616 221 scelere

205 252 278 294 illo
313 253 571 305 constituta,
606 264 739 307 quam
774 249 825 292 de
861 249 997 293 modo
1017 250 1185 292 crimen
1207 248 1457 292 occultandi
1483 261 1616 307 atque

204 324 467 364 intentatam
501 322 658 363 mortis
695 334 884 377 poenam
919 320 1171 377 effugiendi.

295 393 528 448 Responsio.
565 392 745 447 Cogitat
779 389 830 433 de
866 402 1071 448 utroque.
1122 389 1258 442 Quod
1307 391 1342 432 si
1391 405 1489 446 spes
1537 404 1613 432 seu

205 463 488 520 probabilitas
514 461 736 506 devitandi
763 477 953 519 poenam
978 462 1147 518 capitis,
1176 461 1384 503 scelestos
1410 461 1616 502 homines

204 533 344 576 reddit
377 535 602 575 animosos
636 532 687 575 ad
722 531 959 574 homicidia
995 529 1225 588 patranda3
1276 530 1422 572 multo
1472 530 1614 586 magis

204 621 278 647 eos
313 605 508 662 impellet
542 603 827 661 probabilitas
875 601 1041 645 vitandi
1096 618 1278 645 omnem
1333 615 1523 658 poenam
1575 613 1617 644 et

201 675 420 718 certitudo
455 675 506 718 de
541 687 740 717 extremo
760 675 976 731 supplicio
1002 689 1091 715 non
1114 671 1291 715 luendo.
1318 672 1436 714 Haec
1461 684 1613 715 autem

201 747 420 790 certitudo
454 746 575 790 adest
609 748 653 789 in
689 747 740 789 iis
775 745 1078 801 societatibus,
1112 746 1155 786 in
1192 743 1354 801 quibus
1409 743 1477 786 vel
1524 758 1615 786 non

200 819 358 862 dantur
394 819 510 875 leges
546 817 784 860 homicidia
818 817 1105 874 prohibentes
1141 815 1221 858 sub
1257 830 1398 872 poena
1443 815 1613 871 capitis,

201 891 269 934 vel
301 891 381 933 etsi
416 890 591 946 dantur,
611 903 759 933 tamen
783 906 834 931 ex
853 890 1062 946 principis
1083 903 1174 930 non
1198 886 1340 929 dicam
1365 887 1618 942 clementia,

203 961 277 1004 sed
326 961 625 1018 imprudentia
679 958 924 1002 homicidae
973 974 1129 1001 omnes
1175 974 1195 1000 a
1244 958 1317 1000 tali
1353 973 1494 1014 poena
1527 958 1614 1000 exi-

204 1045 406 1075 inuntut.

322 1105 395 1146 Vt.
431 1103 635 1146 Admissa
671 1119 811 1160 poena
846 1103 997 1160 capitis
1034 1114 1260 1159 tamquam
1297 1102 1507 1158 legitima,
1533 1100 1615 1142 hoc

203 1176 309 1218 oriri
343 1187 487 1232 potest
523 1176 688 1219 malum
724 1176 1054 1231 gravissimum,
1090 1172 1210 1230 quod
1244 1174 1505 1215 innocentes
1532 1171 1612 1213 viri

204 1259 349 1290 morte
384 1247 673 1289 mulctentur.

295 1319 531 1375 Responsio.
552 1317 786 1361 Haudraro
806 1319 1041 1374 contingit,
1063 1329 1109 1359 ut
1130 1318 1274 1374 aliqua
1293 1315 1515 1359 ordinatio
1539 1330 1615 1357 seu

205 1391 427 1432 institutio
462 1391 517 1432 sit
551 1401 667 1432 recta
686 1402 817 1447 atque
851 1391 1048 1446 apprime
1084 1389 1219 1441 utilis,
1250 1390 1390 1431 immo
1410 1389 1541 1430 etiam
1561 1388 1616 1430 sit

205 1463 463 1517 necessaria,
499 1474 540 1504 et
589 1461 884 1504 nihilominus
929 1461 1107 1502 effectus
1157 1460 1315 1517 aliquis
1365 1459 1507 1502 malus
1542 1466 1617 1516 per

203 1533 388 1575 accidens
424 1549 474 1575 ex
509 1548 556 1574 ea
590 1545 903 1589 consequatur.
939 1531 1062 1574 Talis
1096 1543 1248 1573 autem
1282 1543 1346 1573 est
1395 1529 1616 1573 ordinatio

203 1618 278 1644 seu
313 1603 538 1644 institutio
573 1602 801 1644 iudiciaria
834 1614 875 1644 et
909 1600 1173 1643 vindicativa
1205 1600 1427 1642 societatis
1462 1598 1616 1641 civilis.

205 1674 281 1715 Est
330 1685 443 1715 recta
479 1686 611 1730 atque
662 1673 798 1727 utilis,
832 1674 974 1714 immo
1018 1672 1277 1726 necessaria,
1327 1681 1433 1713 tunc
1482 1672 1615 1712 etiam

204 1743 382 1801 quando
417 1743 614 1801 gladium
649 1745 760 1801 gerit
795 1744 1010 1801 illumque
1045 1744 1197 1786 eximit
1231 1754 1273 1784 et
1307 1753 1501 1784 exercet:
1546 1757 1617 1783 ex-

204 1816 305 1859 inde
355 1828 504 1858 tamen
540 1828 685 1873 potest
735 1815 803 1857 hic
840 1815 981 1857 malus
1017 1815 1233 1871 consequi
1267 1813 1462 1868 effectus,
1496 1811 1616 1869 quod

205 1889 420 1929 sententia
458 1889 615 1930 mortis
651 1898 804 1929 contra
838 1888 1125 1928 innocentem
1160 1884 1340 1926 feratur.
1365 1885 1447 1926 Hic
1472 1883 1616 1926 malus

205 1958 382 2001 effectus
433 1974 524 2001 non
573 1959 774 2015 sequitur
802 1966 876 2015 per
911 1973 950 2000 sc
985 1972 1036 1999 ex
1070 1956 1141 1998 illa
1190 1954 1497 1997 ordinatione:
1541 1952 1617 1997 sed

206 2030 436 2071 occasione
472 2031 608 2086 ipsius
644 2029 841 2072 dimanat
875 2028 1066 2084 aliunde,
1093 2036 1168 2085 pei·
1201 2027 1403 2082 accidens,
1429 2027 1454 2068 i.
1490 2041 1526 2068 e.
1560 2025 1625 2068 ob*

206 2101 402 2143 iudicum
453 2102 542 2143 sive
591 2100 901 2143 fallibilitatem
949 2101 1039 2143 sive
1088 2100 1219 2141 etiam
1269 2096 1615 2154 improbitatem.

206 2172 338 2214 Nulla
373 2185 523 2214 autem
558 2184 621 2214 est
658 2171 771 2214 bona
806 2187 887 2227 res,
924 2171 1043 2213 nulla
1080 2169 1193 2212 bona
1227 2167 1466 2222 institutio,
1491 2168 1616 2209 cuius

207 2244 439 2284 occasione
474 2256 653 2299 propter
689 2243 929 2285 hominum
964 2243 1054 2284 sive
1077 2239 1387 2283 fallibilitatem
1423 2239 1513 2280 sive
1537 2239 1619 2280 im-

206 2312 473 2368 probitatem
508 2329 598 2355 non
634 2326 896 2356 enascantur
932 2313 1044 2354 mala
1068 2313 1154 2369 (t).
1189 2312 1369 2368 ineptus
1395 2322 1507 2352 esset
1533 2309 1617 2365 ille,

278 2464 334 2499 (i)
363 2463 415 2496 (Is.
446 2464 516 2497 ml.
545 2465 584 2497 ῘῘ.
613 2477 690 2509 pao.
724 2468 798 2498 *Nm
