1705 2787
809 75 1070 130 -354-

238 184 388 226 fecerit
423 180 639 224 suadendi
686 194 765 236 pro
811 177 970 234 lubitu,
1017 177 1244 235 vulgandi,
1301 177 1489 221 docendi
1532 192 1651 221 eom-

239 267 388 297 menta
422 268 514 305 sua3
550 251 733 294 solerter
769 250 957 293 omnino
992 261 1034 291 et
1069 261 1321 306 opportune
1354 260 1411 305 te,
1458 249 1651 292 Venera-

241 325 336 367 bilis
372 325 537 377 Frater,
571 322 692 363 virus
727 319 843 363 civili
896 320 1097 362 societati
1132 320 1362 376 ingestum
1406 319 1449 361 in
1485 318 1653 362 antido-

241 409 335 438 tum
373 396 409 436 ei
446 404 704 435 convertere
739 391 1021 434 contendisse
1057 406 1307 433 censemus.
1351 390 1588 448 Equidem,
1620 390 1655 432 si

241 464 422 507 cuilibet
457 477 611 518 aegrae
647 462 809 503 mentis
859 461 1033 503 somnia
1084 475 1159 517 per
1211 460 1327 516 leges
1378 461 1421 504 in
1457 459 1655 503 medium

242 535 438 594 proferre
474 534 614 589 liceat,
649 548 787 590 eaque
823 534 955 575 etiam
991 544 1038 574 ut
1072 532 1280 574 scientiae
1315 530 1523 588 dogmata
1557 546 1657 590 pro-

242 621 440 664 pugnare
475 620 520 647 ac
557 604 744 659 tradere,
796 603 916 646 nulla
969 603 1095 660 plane
1131 603 1242 645 ratio
1277 601 1444 659 subest,
1501 617 1580 645 cur
1615 601 1658 646 id

243 680 371 722 licere
406 693 496 720 non
531 676 684 719 debeat
718 677 906 719 veritati.
942 676 1034 719 Nec
1084 676 1228 733 quivis
1278 675 1564 732 quantumvis
1599 674 1658 718 fa-

244 749 449 792 bularum
482 760 686 804 sectator,
721 759 763 790 et
799 748 993 791 veritatis
1030 762 1148 802 osor,
1205 747 1289 789 nisi
1324 761 1508 804 prorsus
1542 747 1659 789 insa-

243 821 346 875 niat,
371 819 432 861 illi
467 833 626 875 negare
661 819 822 875 poterit
858 817 1045 860 huiusce
1092 817 1200 859 iuris
1236 817 1657 874 perspicuitatem.»

779 1047 928 1075 THESIS
963 1047 1125 1075 LXXXII.

247 1177 457 1232 Principes
492 1174 628 1217 civiles
663 1174 815 1225 dehent,
856 1190 935 1216 non
973 1175 1053 1216 iam
1089 1174 1292 1216 destruere
1326 1183 1394 1217 aut
1427 1175 1665 1232 opprimere,

365 1248 433 1289 sed
466 1248 568 1288 tueri
602 1255 632 1288 ct
665 1246 866 1288 adin-vare
904 1247 1079 1288 minores
1105 1247 1319 1301 societates,
1347 1247 1483 1303 primo
1508 1246 1666 1303 quidem

366 1318 456 1360 illas
491 1333 589 1374 quae
624 1317 830 1360 παίω-αἰῶ
866 1326 973 1369 sunl,
1011 1318 1101 1360 dein
1135 1333 1231 1360 veru
1258 1317 1345 1360 illas
1380 1332 1544 1374 quoqne,
1568 1331 1667 1374 quas

367 1391 419 1432 ad
449 1390 744 1446 particularem
782 1390 909 1447 finem
957 1389 1164 1431 honestum
1210 1391 1309 1432 socii
1341 1389 1460 1432 libere
1493 1391 1594 1432 inter
1629 1404 1668 1432 se

370 1463 595 1516 instituunt,
621 1461 837 1503 dummodo
862 1461 934 1503 hae
959 1462 1167 1504 communi
1191 1460 1324 1504 civilis
1349 1462 1544 1504 societatis
1569 1460 1669 1504 bono

369 1547 448 1575 non
484 1533 563 1575 sint
597 1533 841 1575 contrariae.

340 1688 437 1730 204.
472 1675 846 1718 DEMONSTRATIO.
882 1674 931 1716 In
969 1674 1178 1716 societate
1213 1674 1328 1716 civili
1365 1673 1506 1716 multa
1549 1674 1670 1716 inve—

251 1746 436 1788 niuntur
471 1746 646 1787 minora
671 1746 909 1801 consortia,
938 1761 1048 1803 quae
1073 1745 1281 1787 socialem
1308 1746 1445 1802 ipsius
1471 1746 1688 1801 organis--

252 1831 378 1858 mum
408 1816 480 1874 (1)
515 1817 810 1859 constituunt.
838 1816 1162 1869 Quaerendum
1188 1817 1322 1873 igitur
1348 1829 1425 1870 est,
1446 1815 1673 1874 quodnam

254 1887 386 1928 relate
422 1887 473 1929 ad
507 1889 680 1929 minora
718 1888 821 1930 haec
857 1889 1082 1930 consortia
1119 1889 1174 1930 sit
1208 1903 1374 1930 munus
1410 1899 1451 1930 et
1476 1886 1672 1930 officium

253 1959 465 2014 principis
500 1959 652 2001 civilis.

376 2028 636 2085 Spectemus
677 2030 753 2088 1.⁰)
780 2029 981 2075 familias.
1020 2031 1104 2073 Eae
1129 2042 1233 2073 sunt
1266 2031 1498 2073 societates
1522 2031 1675 2073 stricto

257 2114 389 2142 sensu
425 2100 661 2155 naturales,
697 2114 800 2144 sunt
837 2101 948 2143 basis
999 2113 1040 2143 et
1090 2102 1217 2158 origo
1265 2102 1487 2144 societatis
1522 2101 1676 2157 civilis,

257 2183 363 2212 sunt
399 2184 553 2213 natura
606 2174 849 2214 anteriores
900 2175 995 2229 ipso
1031 2174 1146 2215 civili
1195 2173 1439 2228 consortio,
1474 2171 1591 2229 quod
1626 2187 1677 2214 ex

258 2239 402 2282 stabili
439 2241 635 2297 plurium
672 2242 939 2285 familiarum
986 2246 1154 2286 unione
1206 2246 1416 2299 exsurgit.
1454 2244 1571 2298 Ergo
1621 2244 1676 2285 ci-

307 2440 352 2472 (1)
384 2436 436 2468 Cf.
467 2449 597 2482 super„
628 2438 717 2473 thes.
747 2438 832 2487 LVI,
865 2450 942 2484 pag.
975 2439 1048 2486 176.
