1705 2787
70 178 150 222 Ubi
183 193 264 221 non
311 185 365 220 est
411 175 673 234 gubernator,
719 175 976 235 dissipczbitur
1011 178 1187 235 populns.
1227 196 1248 218 υ
1287 205 1339 210 -
1376 180 1498 222 Hunc

61 267 93 294 s.
128 249 324 292 Thomae
355 247 499 291 locum
528 249 585 290 sic
617 248 794 292 declarat
828 249 1038 291 Suaresius
1069 248 1159 307 (1):
1195 267 1215 290 «
1241 250 1365 294 Ratio
1390 251 1497 295 clam

63 333 136 375 est,
169 321 264 378 quia
295 318 458 377 singula
490 321 649 376 privata
680 319 872 363 membra
893 321 1062 377 privatis
1086 321 1327 365 commodis
1350 338 1500 365 consu-

63 393 164 445 lunt,
198 407 302 448 quae
335 406 455 448 saepe
485 392 690 434 contraria
712 404 806 434 sunt
831 390 944 434 bono
971 393 1200 445 communi,
1226 404 1266 435 et
1289 392 1500 436 interdum

63 463 193 507 multa
223 474 317 505 sunt
348 463 575 505 necessaria
613 463 831 505 communi
880 462 1007 516 bono,
1057 478 1164 520 quae
1214 462 1264 507 ad
1312 463 1503 521 singulos

63 535 237 579 nonita
267 535 486 592 pertinent,
536 546 576 577 et
623 535 814 591 quamvis
862 534 1072 578 interdum
1119 536 1364 592 pertineant,
1414 550 1502 577 non

63 616 335 664 procurantur
366 620 419 647 eo
452 603 566 661 quod
599 606 853 658 communia,
888 604 960 648 sed
1003 604 1116 661 quod
1165 607 1333 662 propria
1382 618 1500 659 sunt3

63 691 166 734 ergo
198 677 240 719 in
263 677 564 718 communitate
580 675 765 733 perfetta
786 677 1014 718 necessaria
1037 688 1097 718 est
1118 675 1282 733 publica
1303 689 1501 733 potestas,

63 747 114 792 ad
146 763 272 804 quam
303 762 355 789 ex
388 745 529 789 officio
562 748 764 803 pertineat
803 762 1028 790 commune
1076 747 1237 790 bonum
1285 748 1500 791 intendere

64 833 109 862 ac
140 833 375 875 procurare.
411 835 431 858 »
467 817 582 859 Haec
615 817 786 874 quidem
819 818 870 861 de
903 820 1047 875 quavis
1093 820 1270 861 omnino
1319 819 1503 864 humana

64 890 258 932 societate
291 889 453 943 valent3
501 904 648 931 verum
685 890 844 946 -potiori
896 890 981 932 iure
1029 890 1166 933 valent
1209 890 1259 934 de
1308 892 1504 933 societate

57 961 253 1020 perfecta.
428 1007 431 1009 ‚

153 1031 474 1075 Animadvertas
492 1048 629 1074 rursus
653 1032 706 1085 id,
730 1032 781 1076 de
805 1048 889 1089 quo
915 1034 996 1076 iam
1021 1033 1118 1086 dixi,
1144 1033 1253 1077 aliud
1276 1049 1361 1076 esse
1386 1033 1503 1091 loqui

65 1102 115 1147 de
137 1104 378 1146 auctoritate
400 1104 443 1145 in
465 1119 506 1146 se
531 1115 722 1160 spectata,
747 1103 856 1147 aliud
880 1119 982 1146 vero
1006 1103 1123 1161 loqui
1146 1104 1195 1147 de
1220 1116 1329 1147 certa
1351 1104 1501 1157 forma,

64 1173 290 1218 secundum
323 1190 449 1231 quam
481 1176 702 1218 auctoritas
736 1176 776 1218 in
809 1188 1005 1218 concreto
1030 1177 1178 1229 existit,
1205 1188 1327 1233 atque
1350 1175 1399 1219 de
1435 1175 1505 1219 de-

63 1245 287 1287 terminato
334 1244 535 1299 subiecto,
584 1247 625 1288 in
659 1261 744 1303 quo
792 1247 1013 1289 auctoritas
1061 1247 1209 1291 residet
1259 1259 1298 1289 et
1347 1263 1369 1289 a
1416 1262 1502 1304 quo

64 1328 287 1359 exercetur.
310 1317 357 1360 In
379 1316 486 1359 thesi
508 1317 583 1359 hac
606 1316 819 1374 loquimur
842 1317 893 1360 de
917 1319 1159 1360 auctoritate
1182 1319 1224 1360 in
1250 1334 1291 1360 se
1310 1330 1503 1374 spectata,

65 1399 105 1430 et
136 1387 220 1430 hoc
248 1387 554 1441 contendimus,
588 1387 738 1432 debere
771 1390 814 1431 in
849 1390 993 1445 quavis
1039 1390 1234 1432 societate
1277 1405 1363 1432 esse
1398 1390 1506 1445 prin-

66 1460 220 1516 cipium
251 1461 418 1502 unitatis
450 1472 489 1503 et
522 1460 679 1504 ordinis
711 1461 887 1503 sociali&
924 1461 1074 1518 Neque
1108 1463 1222 1505 enim
1253 1478 1301 1504 ea
1333 1474 1391 1504 est
1426 1477 1502 1504 na—

65 1541 156 1573 tura
193 1532 409 1573 societatis
457 1530 663 1575 humanae
710 1533 753 1574 in
801 1548 954 1589 genere
1008 1545 1225 1589 spectatae,
1276 1545 1319 1575 ut
1368 1534 1507 1589 exigat

67 1603 354 1645 auctoritatem
384 1604 559 1646 existere
593 1604 634 1645 in
666 1603 749 1645 hoc
783 1606 921 1660 potius
957 1620 1083 1661 quam
1117 1606 1159 1646 in
1193 1604 1265 1647 illo
1306 1603 1506 1656 subiecto,

67 1674 108 1716 in
139 1689 219 1716 una
251 1689 427 1730 persona
458 1674 630 1731 physica
661 1676 800 1731 potius
833 1691 959 1732 quam
1009 1677 1050 1718 in
1095 1692 1174 1718 una
1223 1676 1372 1719 morali
1422 1676 1505 1735 (2),

65 1744 292 1788 secundum
325 1744 431 1788 hanc
463 1747 600 1803 potius
633 1761 759 1802 quam
791 1747 1020 1790 secundum
1054 1746 1168 1789 illam
1202 1746 1398 1790 formam.

162 1830 255 1872 114.
288 1815 527 1859 SCHOLION.
553 1816 754 1870 Quaeres,
779 1833 987 1874 quaenam
1011 1819 1091 1860 sint
1117 1818 1217 1870 iura,
1242 1833 1346 1874 quae
1370 1831 1506 1861 aucto-

69 1886 164 1928 ritas
197 1885 318 1929 habet
351 1887 392 1929 in
425 1903 521 1930 suos
553 1887 651 1946 (3)?
675 1914 727 1918 —
748 1889 986 1931 Auctoritas
1010 1902 1070 1931 est
1095 1890 1220 1932 veluti
1252 1890 1502 1946 principium

142 2053 198 2097 (1)
225 2053 280 2087 De
308 2053 377 2099 leg.
406 2053 426 2087 l.
455 2055 515 2088 III.
543 2065 572 2087 c.
605 2065 632 2087 1.
660 2066 693 2087 n.
726 2065 754 2097 ς.

143 2111 200 2156 (2)
226 2113 430 2146 Auctoritas
456 2113 600 2158 quidem
627 2113 733 2147 debet
761 2125 837 2147 esse
866 2125 944 2147 ιωιιι.
972 2114 1021 2148 Ut
1052 2122 1147 2147 recte
1185 2114 1233 2147 ait
1274 2113 1423 2149 Tullius,
1460 2113 1505 2147 de

70 2174 200 2219 republ.
228 2174 249 2208 l.
282 2186 308 2209 1.
339 2187 367 2209 c.
396 2176 444 2217 8.,
475 2189 492 2207 «
519 2176 709 2221 imperium
736 2176 801 2208 nisi
830 2187 939 2209 unuin
976 2176 1031 2216 sit,
1061 2188 1136 2210 esse
1164 2175 1300 2210 nullum
1328 2184 1456 2220 potest.
1486 2192 1503 2205 »

71 2233 119 2266 At
147 2246 214 2268 mm
242 2246 317 2268 esse
345 2243 461 2280 potest
488 2235 544 2268 vel
569 2235 715 2281 physica,
742 2234 797 2268 vel
838 2236 1029 2275 nwrtzlilor‚
1067 2244 1104 2268 ut
1146 2235 1322 2279 contingit
1363 2234 1506 2279 quanam

72 2294 261 2327 auctoritas
289 2295 419 2328 residet
445 2295 480 2327 in
509 2303 613 2328 coetu
641 2294 771 2339 aliquo,
799 2294 853 2327 vel
883 2294 917 2326 in
946 2303 1021 2328 tota
1053 2294 1270 2328 collectione
1309 2295 1501 2327 sociorum.
1535 2310 1536 2314 =

144 2353 201 2398 (3)
228 2354 260 2388 A
287 2355 429 2394 iuribus,
464 2366 553 2399 quae
587 2355 778 2388 auctoritas
819 2354 923 2388 habet
965 2356 999 2388 iu
1040 2366 1127 2395 snm,
1166 2354 1335 2399 distingui
1375 2354 1504 2387 dem-nt

78 2410 160 2453 iura,
187 2424 275 2458 quae
303 2414 427 2447 eadem
456 2414 646 2447 auctoritas
672 2414 778 2447 habet
808 2415 840 2446 in
868 2418 1056 2447 exlium-205.
1085 2414 1182 2448 Haec
1202 2413 1269 2447 dici
1290 2425 1308 2445 a
1325 2412 1483 2445 nonnulli

76 2470 192 2505 solent
218 2472 291 2506 iura
320 2475 548 2514 transeuntia,
577 2473 633 2507 illa
661 2485 746 2507 vero
774 2474 846 2507 iura
877 2475 1110 2508 [illuminantia.
