1705 2787
773 46 1030 100 -254-

500 223 533 266 lv)
565 222 618 257 Do
647 221 810 258 iuribus
838 221 1000 267 politici
1031 222 1303 267 principatus.

730 367 879 395 THESIS
925 367 1071 395 Lxx'ni.

197 498 302 540 Inter
338 497 446 547 iura,
481 510 580 552 quae
614 504 824 552 supremae
868 498 1096 539 anctoritaii
1138 505 1374 554 conzpelnnl,
1412 500 1612 542 recenseri

315 568 502 624 inprimis
538 566 643 609 debet
679 568 740 609 ius
766 567 933 624 ferendi
966 567 1081 623 leges.

294 711 797 767 174.D15uoNsTRAT1o.
849 712 1033 767 figimus
1083 711 1133 754 de
1173 713 1328 767 origine.
1378 728 1610 770 supremae

197 783 489 837 auctoritatis,
525 798 635 839 quae
670 782 704 823 si
742 782 782 823 in
818 797 856 824 sc
891 782 1212 835 consideretur,
1259 796 1322 826 est
1357 783 1612 828 immediate

197 872 217 898 a
253 857 363 910 Deo,
398 856 430 898 si
466 870 571 897 vero
607 856 645 896 in
695 864 873 897 concreto
923 868 1161 912 spectetur,
1212 856 1341 897 variis
1376 855 1499 898 factis
1534 872 1608 899 seu

196 926 341 970 modis
376 926 696 969 determinatur
731 925 781 969 ad
817 939 980 969 certam
1017 926 1204 969 formam
1242 939 1505 985 certumque
1539 943 1612 970 su-

196 999 403 1042 biectum.
441 1025 492 1029 *-
528 997 766 1053 Agendum
818 1013 934 1040 nunc
970 1010 1035 1040 est
1084 997 1135 1040 de
1171 998 1329 1040 iuribus
1379 1014 1611 1056 supremae

195 1071 487 1126 auctoritatis,
522 1083 652 1127 atque
688 1070 890 1126 inprimis
931 1069 982 1112 de
1017 1070 1110 1112 iure
1136 1070 1307 1127 ferendi
1340 1069 1456 1127 leges.

285 1142 481 1184 Naturae
516 1154 669 1184 auctor
704 1142 840 1196 Deus,
875 1140 1054 1198 quando
1079 1141 1208 1183 alicui
1237 1156 1403 1184 munus
1428 1141 1608 1199 aliquod

199 1213 456 1267 committit,
491 1213 528 1254 ei
578 1213 710 1254 etiam
759 1210 930 1254 confert
980 1211 1073 1254 illas
1126 1223 1381 1268 potestateS,
1416 1227 1525 1269 quae
1560 1211 1611 1254 ad

199 1289 494 1327 commissum
539 1299 705 1326 munus
741 1284 821 1326 rite
871 1282 1152 1339 implendum
1187 1295 1291 1325 sunt
1324 1283 1607 1325 necessariae.

199 1357 335 1414 Atqui
371 1357 556 1414 principi
593 1356 707 1398 civili
733 1355 974 1397 committit
999 1369 1152 1397 curam
1179 1355 1515 1397 communitatis
1535 1370 1612 1411 po-

201 1428 357 1483 liticae,
392 1444 467 1470 seu
504 1442 669 1469 munus
705 1427 896 1483 imponit
931 1440 1028 1467 eam
1078 1423 1323 1468 adducendi
1358 1424 1409 1468 ad
1446 1425 1614 1482 proprii

201 1499 300 1542 finis
336 1501 725 1543 consecutionem:
761 1497 812 1540 ad
848 1497 929 1539 hoc
955 1509 1105 1539 autem
1130 1513 1294 1539 munus
1321 1497 1401 1539 rite
1426 1496 1613 1553 implen-

202 1571 308 1614 dum
344 1572 541 1629 apprime
577 1570 819 1613 necessaria
856 1581 920 1611 est
955 1582 1149 1625 potestas
1201 1567 1478 1626 proponendi
1513 1568 1614 1610 civi-

204 1642 282 1684 bus
318 1641 503 1685 modum
538 1639 820 1697 conspirandi
856 1641 899 1682 in
934 1639 1071 1681 finem
1108 1653 1415 1694 communem,
1449 1654 1614 1696 eosque

203 1711 426 1770 obligandi
463 1712 513 1755 ad
549 1728 651 1755 cum
686 1712 730 1754 in
766 1712 855 1753 suis
891 1709 1139 1752 actionibus
1185 1708 1460 1751 sectandum.
1496 1709 1613 1764 Ergo

204 1797 469 1841 potestatem
505 1784 616 1827 hanc
651 1784 837 1841 principi
865 1783 981 1825 civili
1007 1781 1303 1839 proculdubio
1328 1780 1512 1823 confert.
1537 1781 1613 1822 At-

203 1858 277 1913 qui
303 1869 496 1913 potestas
522 1856 592 1899 illa
629 1855 740 1898 nihil
775 1868 838 1897 est
864 1853 997 1907 aliud,
1022 1867 1157 1911 quam
1183 1853 1251 1895 ius
1278 1853 1393 1909 leges
1428 1851 1608 1894 ferendi.

204 1928 320 1984 Ergo
356 1928 543 1984 principi
578 1927 693 1969 civili
729 1928 795 1969 ius
830 1924 1000 1968 confert
1045 1923 1210 1967 ferendi
1246 1924 1377 1980 leges.

292 2000 445 2042 Dices:
481 1998 668 2041 modum
703 1997 912 2040 tendendi
946 1997 987 2039 in
1026 1996 1162 2039 finem
1200 1994 1367 2038 civibus
1402 1996 1615 2052 proponit

204 2081 244 2111 et
279 2068 534 2126 praescribit
578 2068 645 2111 lex
689 2067 915 2111 naturalis,
967 2067 1084 2122 Ergo
1127 2066 1315 2122 principi
1365 2066 1479 2108 civili
1523 2080 1614 2107 non

204 2141 432 2197 competit,
468 2140 550 2183 nisi
586 2138 636 2182 ad
676 2154 907 2182 summum
943 2149 1136 2195 potestas
1184 2137 1324 2194 magis
1368 2135 1615 2179 declarandi

203 2212 433 2268 magisque
467 2210 653 2267 urgendi
687 2226 748 2265 ea,
783 2226 892 2267 quae
918 2209 1048 2253 relate
1071 2207 1124 2251 ad
1147 2208 1319 2251 civilem
1353 2209 1611 2251 societatem

206 2284 415 2339 proponit
463 2298 509 2325 ac
558 2282 815 2340 praescribit
863 2282 930 2324 lex
977 2281 1203 2324 naturalis.
1242 2306 1294 2310 —
1329 2278 1613 2336 Respondeo‚

206 2354 349 2410 legem
384 2354 647 2409 naturalem,
682 2370 793 2411 quae
827 2366 891 2396 est
931 2354 1068 2410 prima
1101 2367 1147 2394 ac
1182 2349 1366 2408 proinde
1414 2350 1615 2407 generalis

210 2425 288 2481 lex,
324 2426 367 2468 in
404 2424 695 2483 proponendo
730 2423 896 2467 civibus
934 2422 1117 2466 modum
1158 2421 1365 2465 tendendi
1400 2422 1443 2464 in
1480 2421 1613 2464 finem
