1705 2787
652 65 912 122 —165-

77 182 270 214 statuere
303 186 351 214 ac
385 187 567 230 ponere,
601 185 651 217 ut
684 172 737 217 ad
770 189 1012 218 commune
1047 174 1218 219 bonum
1252 187 1295 218 et
1328 174 1380 219 ad
1410 175 1495 219 ele-

76 244 348 286 mentarium
382 245 665 301 societatum,
700 260 751 288 ex
800 246 964 303 quibus
998 246 1162 290 familia
1195 247 1414 304 coalescit,
1447 246 1496 290 fi-

80 329 158 357 nes
192 313 368 372 singula
402 315 497 358 eius
531 314 733 359 membra
768 318 1039 375 conspirent.

549 599 900 644 ARTICULUS
934 603 1009 645 IV.

480 744 541 784 De
585 744 858 787 societate
898 747 1077 787 civili.

172 953 266 995 149
304 956 324 979 «
363 940 426 982 Ex
455 938 524 982 his
562 939 704 983 tribus
738 942 1149 999 coniunctionibus,
1184 944 1392 1001 conmgczli
1417 953 1494 1003 pa-

77 1011 223 1055 rentali
254 1010 386 1068 herili,
406 1013 638 1069 consurgit
662 1013 803 1070 prima
823 1016 1122 1057 communitas
1158 1014 1495 1074 homi11um‚jcz-

76 1083 204 1140 milia,
239 1098 351 1141 quae
390 1083 648 1141 imperfectt
682 1083 843 1127 dicitur
878 1098 1079 1143 respectu
1115 1087 1310 1144 politiae,
1350 1089 1495 1131 civita-

72 1156 122 1198 tis
146 1153 219 1213 (Ι)
238 1172 275 1197 >>.
311 1155 591 1208 Quaestione
625 1156 761 1212 igitur
786 1154 837 1198 de
862 1154 1026 1199 familia
1045 1156 1263 1214 absoluta,
1285 1159 1494 1216 progredi

74 1224 287 1270 debemus
331 1225 383 1269 ad
418 1225 825 1269 considerationem
860 1228 1041 1270 maioris
1090 1228 1208 1271 illius
1256 1231 1494 1286 societatis,

73 1313 207 1356 quam
241 1297 431 1340 familiae
466 1298 601 1341 simul
635 1311 953 1341 concurrentes
989 1299 1239 1357 efformant‚
1274 1302 1299 1344 i.
1331 1318 1366 1344 e.
1392 1302 1496 1345 civi-

73 1369 187 1411 tatis.
222 1368 326 1411 Ideo
360 1380 511 1411 autem
536 1368 587 1412 ad
613 1368 725 1411 hanc
749 1369 1070 1413 efformandam
1106 1372 1365 1415 societatem
1391 1389 1496 1416 con-

73 1451 276 1496 currunt,
301 1440 401 1497 quia
427 1439 547 1482 nulla
570 1438 736 1483 familia
758 1439 810 1482 ab
844 1440 939 1483 aliis
963 1442 1161 1484 seiuncta
1186 1455 1332 1499 potest
1357 1456 1497 1488 exter-

73 1527 175 1555 nam
200 1527 355 1569 pacem
384 1524 426 1554 et
460 1511 698 1569 perfectam
733 1514 847 1555 vitae
872 1512 1186 1557 sufficientiam
1213 1514 1296 1558 sibi
1321 1531 1499 1574 compa-

73 1597 181 1624 rare.
198 1581 434 1624 —Civitas
459 1594 524 1624 est
548 1598 599 1625 ex
621 1582 706 1625 illis
741 1598 852 1640 quae
887 1584 1135 1639 composita
1162 1596 1266 1626 sunt
1290 1584 1377 1644 (2).
1413 1586 1496 1630 Sed

72 1653 433 1708 compositorum
459 1651 665 1695 distincta
683 1654 929 1710 acquiritur
950 1655 1091 1710 notio,
1112 1656 1144 1696 si
1169 1670 1326 1698 eorum
1350 1658 1492 1713 origo,

71 1724 270 1779 materia,
306 1722 422 1777 finis,
458 1722 600 1766 forma
625 1725 884 1781 singillatim
919 1725 1238 1782 expendantur.
1266 1728 1331 1769 En
1357 1728 1493 1784 igitur

72 1792 199 1845 ordo,
228 1808 362 1851 quem
396 1794 441 1836 in
478 1793 597 1836 brevi
622 1794 701 1837 hac
736 1794 787 1837 de
812 1796 985 1837 civitate
1005 1797 1305 1852 pertractione
1339 1813 1493 1856 seque-

71 1881 186 1908 mur.
212 1866 410 1922 Agemus
444 1865 496 1909 de
520 1867 708 1909 civitatis
734 1882 862 1909 causa
888 1894 940 1897 —
966 1866 1183 1910 efficiente
1204 1896 1255 1900 —
1276 1869 1492 1913 materiali

74 1964 126 1968 —
152 1935 272 1979 finali
294 1963 346 1968 —
366 1935 556 1980 formali.
592 1938 698 1980 Eius
734 1939 951 1994 originem
980 1953 1001 1980 a
1025 1950 1182 1981 natura
1217 1939 1396 1983 tandem
1421 1940 1492 1984 de-

74 2007 346 2052 rivabimus:
384 2010 477 2052 eius
512 2008 765 2052 subiectum
812 2011 855 2052 in
890 2009 1053 2052 familia
1079 2012 1334 2055 immediate
1373 2014 1492 2057 inve-

74 2081 282 2122 niemus:
318 2080 413 2122 eius
464 2079 599 2122 finem
634 2081 677 2122 in
714 2092 889 2123 externa
925 2096 1028 2137 pace
1063 2093 1105 2123 et
1139 2082 1329 2139 perfecta
1378 2086 1491 2127 vitae

73 2149 337 2194 sufficientia
358 2152 560 2208 proxime
581 2151 914 2194 collocabimus:
936 2153 1029 2195 eius
1050 2154 1319 2211 principium
1355 2156 1490 2200 veluti

73 2221 260 2266 formale
295 2224 340 2266 in
374 2237 583 2280 suprema
617 2224 882 2266 auctoritate
916 2225 1262 2269 constituemus.

148 2419 204 2463 (Ι)
232 2420 315 2455 Loc.
344 2431 439 2465 saep.
467 2421 535 2454 cit:
563 2420 643 2453 vide
671 2431 750 2464 pag.
782 2431 835 2461 31.

145 2480 199 2524 (2)
229 2480 277 2514 Ita
307 2480 530 2522 Aristoteles,
561 2480 697 2514 politic.
726 2479 781 2512 ΙΙΙ.
816 2491 844 2514 1.

1378 2565 1410 2588 11
