<?xml version="1.0" encoding="UTF-8"?>
<!DOCTYPE html PUBLIC "-//W3C//DTD XHTML 1.0 Transitional//EN"
    "http://www.w3.org/TR/xhtml1/DTD/xhtml1-transitional.dtd">
<html xmlns="http://www.w3.org/1999/xhtml" xml:lang="en" lang="en">
 <head>
  <title>
</title>
<meta http-equiv="Content-Type" content="text/html;charset=utf-8" />
  <meta name='ocr-system' content='tesseract 3.04.00' />
  <meta name='ocr-capabilities' content='ocr_page ocr_carea ocr_par ocr_line ocrx_word'/>
</head>
<body>
  <div class='ocr_page' id='page_1' title='image "./institutionesphi03ferr_0330.png"; bbox 0 0 1705 2787; ppageno 0'>
   <div class='ocr_carea' id='block_1_1' title="bbox 812 47 1066 100">
    <p class='ocr_par' dir='ltr' id='par_1_1' title="bbox 812 47 1066 100">
     <span class='ocr_line' id='line_1_1' title="bbox 812 47 1066 100; baseline -0.004 -15"><span class='ocrx_word' id='word_1_1' title='bbox 812 71 858 74; x_wconf 31' lang='lat'>⁷-</span> <span class='ocrx_word' id='word_1_2' title='bbox 898 47 979 100; x_wconf 76' lang='lat'>326</span> <span class='ocrx_word' id='word_1_3' title='bbox 1017 71 1066 76; x_wconf 86' lang='lat'>—</span> 
     </span>
    </p>
   </div>
   <div class='ocr_carea' id='block_1_2' title="bbox 218 147 1643 1921">
    <p class='ocr_par' dir='ltr' id='par_1_2' title="bbox 225 147 1643 849">
     <span class='ocr_line' id='line_1_2' title="bbox 229 147 1640 205; baseline 0.004 -15"><span class='ocrx_word' id='word_1_4' title='bbox 229 149 373 203; x_wconf 74' lang='lat' dir='ltr'>agitur</span> <span class='ocrx_word' id='word_1_5' title='bbox 409 149 525 189; x_wconf 82' lang='lat' dir='ltr'>enini</span> <span class='ocrx_word' id='word_1_6' title='bbox 565 147 616 189; x_wconf 81' lang='lat' dir='ltr'>de</span> <span class='ocrx_word' id='word_1_7' title='bbox 652 147 926 203; x_wconf 84' lang='lat' dir='ltr'>hominibus,</span> <span class='ocrx_word' id='word_1_8' title='bbox 961 150 1037 205; x_wconf 85' lang='lat' dir='ltr'>qui</span> <span class='ocrx_word' id='word_1_9' title='bbox 1070 161 1175 192; x_wconf 84' lang='lat' dir='ltr'>sunt</span> <span class='ocrx_word' id='word_1_10' title='bbox 1209 150 1518 195; x_wconf 81' lang='lat' dir='ltr'>antecedenter</span> <span class='ocrx_word' id='word_1_11' title='bbox 1553 152 1640 196; x_wconf 87' lang='lat' dir='ltr'>iam</span> 
     </span>
     <span class='ocr_line' id='line_1_3' title="bbox 228 217 1643 282; baseline 0.006 -22"><span class='ocrx_word' id='word_1_12' title='bbox 228 233 269 261; x_wconf 81' lang='lat' dir='ltr'>et</span> <span class='ocrx_word' id='word_1_13' title='bbox 289 220 476 261; x_wconf 78' lang='lat' dir='ltr'>omnino</span> <span class='ocrx_word' id='word_1_14' title='bbox 497 219 710 274; x_wconf 74' lang='lat' dir='ltr'>corrupti,</span> <span class='ocrx_word' id='word_1_15' title='bbox 727 219 801 275; x_wconf 82' lang='lat' dir='ltr'>qui</span> <span class='ocrx_word' id='word_1_16' title='bbox 823 217 936 260; x_wconf 87' lang='lat' dir='ltr'>ferae</span> <span class='ocrx_word' id='word_1_17' title='bbox 954 230 1075 275; x_wconf 84' lang='lat' dir='ltr'>sunt,</span> <span class='ocrx_word' id='word_1_18' title='bbox 1090 220 1230 264; x_wconf 89' lang='lat' dir='ltr'>immo</span> <span class='ocrx_word' id='word_1_19' title='bbox 1250 221 1350 265; x_wconf 82' lang='lat' dir='ltr'>feris</span> <span class='ocrx_word' id='word_1_20' title='bbox 1370 224 1541 280; x_wconf 86' lang='lat' dir='ltr'>peiores</span> <span class='ocrx_word' id='word_1_21' title='bbox 1556 222 1643 282; x_wconf 86' lang='lat'>(1).</span> 
     </span>
     <span class='ocr_line' id='line_1_4' title="bbox 228 289 1642 349; baseline 0.004 -17"><span class='ocrx_word' id='word_1_22' title='bbox 228 289 628 343; x_wconf 72' lang='lat' dir='ltr'>Quemadmmlum</span> <span class='ocrx_word' id='word_1_23' title='bbox 665 291 798 346; x_wconf 86' lang='lat' dir='ltr'>igitur</span> <span class='ocrx_word' id='word_1_24' title='bbox 824 289 952 346; x_wconf 80' lang='lat' dir='ltr'>ferae,</span> <span class='ocrx_word' id='word_1_25' title='bbox 986 293 1080 333; x_wconf 81' lang='lat' dir='ltr'>viso</span> <span class='ocrx_word' id='word_1_26' title='bbox 1105 293 1335 349; x_wconf 75' lang='lat' dir='ltr'>sanguine,</span> <span class='ocrx_word' id='word_1_27' title='bbox 1369 293 1548 348; x_wconf 82' lang='lat' dir='ltr'>furunt3</span> <span class='ocrx_word' id='word_1_28' title='bbox 1583 295 1642 338; x_wconf 89' lang='lat' dir='ltr'>sic</span> 
     </span>
     <span class='ocr_line' id='line_1_5' title="bbox 227 364 1643 421; baseline 0.001 -14"><span class='ocrx_word' id='word_1_29' title='bbox 227 366 283 407; x_wconf 86' lang='lat' dir='ltr'>illi</span> <span class='ocrx_word' id='word_1_30' title='bbox 321 366 479 407; x_wconf 81' lang='lat' dir='ltr'>mortis</span> <span class='ocrx_word' id='word_1_31' title='bbox 516 365 733 421; x_wconf 82' lang='lat' dir='ltr'>supplicio</span> <span class='ocrx_word' id='word_1_32' title='bbox 767 364 990 408; x_wconf 74' lang='lat' dir='ltr'>adstantes</span> <span class='ocrx_word' id='word_1_33' title='bbox 1026 365 1078 408; x_wconf 91' lang='lat' dir='ltr'>ad</span> <span class='ocrx_word' id='word_1_34' title='bbox 1112 365 1322 408; x_wconf 77' lang='lat' dir='ltr'>ferociam</span> <span class='ocrx_word' id='word_1_35' title='bbox 1346 366 1643 412; x_wconf 67' lang='lat' dir='ltr'>insolescunt,</span> 
     </span>
     <span class='ocr_line' id='line_1_6' title="bbox 315 434 1639 494; baseline 0.002 -16.815"><span class='ocrx_word' id='word_1_36' title='bbox 315 436 359 478; x_wconf 90' lang='lat' dir='ltr'>ld</span> <span class='ocrx_word' id='word_1_37' title='bbox 396 434 712 492; x_wconf 66' lang='lat' dir='ltr'>nonimpedit,</span> <span class='ocrx_word' id='word_1_38' title='bbox 762 438 1007 493; x_wconf 81' lang='lat' dir='ltr'>quominus</span> <span class='ocrx_word' id='word_1_39' title='bbox 1057 438 1213 480; x_wconf 88' lang='lat' dir='ltr'>mortis</span> <span class='ocrx_word' id='word_1_40' title='bbox 1263 452 1402 494; x_wconf 87' lang='lat' dir='ltr'>poena</span> <span class='ocrx_word' id='word_1_41' title='bbox 1453 438 1639 494; x_wconf 82' lang='lat' dir='ltr'>irrogari</span> 
     </span>
     <span class='ocr_line' id='line_1_7' title="bbox 226 506 1636 566; baseline 0.004 -20"><span class='ocrx_word' id='word_1_42' title='bbox 226 509 363 564; x_wconf 78' lang='lat' dir='ltr'>possit</span> <span class='ocrx_word' id='word_1_43' title='bbox 400 523 444 549; x_wconf 80' lang='lat' dir='ltr'>ac</span> <span class='ocrx_word' id='word_1_44' title='bbox 480 506 650 562; x_wconf 79' lang='lat' dir='ltr'>debeat,</span> <span class='ocrx_word' id='word_1_45' title='bbox 687 520 733 550; x_wconf 89' lang='lat' dir='ltr'>ut</span> <span class='ocrx_word' id='word_1_46' title='bbox 766 509 932 552; x_wconf 84' lang='lat' dir='ltr'>scilicet</span> <span class='ocrx_word' id='word_1_47' title='bbox 971 508 1080 552; x_wconf 91' lang='lat' dir='ltr'>ordo</span> <span class='ocrx_word' id='word_1_48' title='bbox 1120 510 1304 552; x_wconf 82' lang='lat' dir='ltr'>crimine</span> <span class='ocrx_word' id='word_1_49' title='bbox 1354 507 1636 566; x_wconf 82' lang='lat' dir='ltr'>perturbatus</span> 
     </span>
     <span class='ocr_line' id='line_1_8' title="bbox 227 578 1638 637; baseline 0.002 -17"><span class='ocrx_word' id='word_1_50' title='bbox 227 578 567 634; x_wconf 66' lang='lat' dir='ltr'>redintegretur.</span> <span class='ocrx_word' id='word_1_51' title='bbox 604 579 647 620; x_wconf 75' lang='lat' dir='ltr'>Si</span> <span class='ocrx_word' id='word_1_52' title='bbox 682 590 831 621; x_wconf 81' lang='lat' dir='ltr'>tamen</span> <span class='ocrx_word' id='word_1_53' title='bbox 868 595 1055 637; x_wconf 87' lang='lat' dir='ltr'>magnus</span> <span class='ocrx_word' id='word_1_54' title='bbox 1091 581 1146 623; x_wconf 90' lang='lat' dir='ltr'>sit</span> <span class='ocrx_word' id='word_1_55' title='bbox 1181 581 1221 622; x_wconf 88' lang='lat' dir='ltr'>in</span> <span class='ocrx_word' id='word_1_56' title='bbox 1269 581 1443 622; x_wconf 82' lang='lat' dir='ltr'>civitate</span> <span class='ocrx_word' id='word_1_57' title='bbox 1486 595 1638 623; x_wconf 84' lang='lat' dir='ltr'>earum</span> 
     </span>
     <span class='ocr_line' id='line_1_9' title="bbox 226 649 1641 707; baseline 0.001 -16"><span class='ocrx_word' id='word_1_58' title='bbox 226 649 418 692; x_wconf 76' lang='lat' dir='ltr'>serarum</span> <span class='ocrx_word' id='word_1_59' title='bbox 456 665 689 706; x_wconf 77' lang='lat' dir='ltr'>numerus,</span> <span class='ocrx_word' id='word_1_60' title='bbox 740 653 878 694; x_wconf 85' lang='lat' dir='ltr'>satius</span> <span class='ocrx_word' id='word_1_61' title='bbox 913 651 1097 695; x_wconf 79' lang='lat' dir='ltr'>sortasse</span> <span class='ocrx_word' id='word_1_62' title='bbox 1131 653 1228 707; x_wconf 70' lang='lat' dir='ltr'>erit,</span> <span class='ocrx_word' id='word_1_63' title='bbox 1273 651 1540 694; x_wconf 80' lang='lat' dir='ltr'>sententiam</span> <span class='ocrx_word' id='word_1_64' title='bbox 1574 665 1641 694; x_wconf 84' lang='lat' dir='ltr'>ca—</span> 
     </span>
     <span class='ocr_line' id='line_1_10' title="bbox 225 720 1642 781; baseline 0.001 -18"><span class='ocrx_word' id='word_1_65' title='bbox 225 721 419 778; x_wconf 63' lang='lat' dir='ltr'>pitalem,</span> <span class='ocrx_word' id='word_1_66' title='bbox 457 738 548 763; x_wconf 87' lang='lat' dir='ltr'>non</span> <span class='ocrx_word' id='word_1_67' title='bbox 585 720 694 764; x_wconf 82' lang='lat' dir='ltr'>adeo</span> <span class='ocrx_word' id='word_1_68' title='bbox 730 721 919 778; x_wconf 81' lang='lat' dir='ltr'>publice,</span> <span class='ocrx_word' id='word_1_69' title='bbox 955 723 1031 765; x_wconf 86' lang='lat' dir='ltr'>sed</span> <span class='ocrx_word' id='word_1_70' title='bbox 1058 722 1343 781; x_wconf 77' lang='lat' dir='ltr'>paucioribus</span> <span class='ocrx_word' id='word_1_71' title='bbox 1367 720 1642 766; x_wconf 77' lang='lat' dir='ltr'>adstantibus</span> 
     </span>
     <span class='ocr_line' id='line_1_11' title="bbox 225 793 420 849; baseline -0.005 -15"><span class='ocrx_word' id='word_1_72' title='bbox 225 793 420 849; x_wconf 67' lang='lat' dir='ltr'>exseqiu.</span> 
     </span>
    </p>

    <p class='ocr_par' dir='ltr' id='par_1_3' title="bbox 223 863 1640 993">
     <span class='ocr_line' id='line_1_12' title="bbox 342 863 1640 923; baseline 0.002 -17"><span class='ocrx_word' id='word_1_73' title='bbox 342 865 401 906; x_wconf 78' lang='lat' dir='ltr'>Ut</span> <span class='ocrx_word' id='word_1_74' title='bbox 439 863 641 906; x_wconf 70' lang='lat' dir='ltr'>brevitati</span> <span class='ocrx_word' id='word_1_75' title='bbox 678 865 986 921; x_wconf 71' lang='lat' dir='ltr'>consulamus,</span> <span class='ocrx_word' id='word_1_76' title='bbox 1011 866 1223 922; x_wconf 83' lang='lat' dir='ltr'>principia</span> <span class='ocrx_word' id='word_1_77' title='bbox 1249 864 1463 923; x_wconf 82' lang='lat' dir='ltr'>quaedam</span> <span class='ocrx_word' id='word_1_78' title='bbox 1499 864 1550 908; x_wconf 87' lang='lat' dir='ltr'>ad</span> <span class='ocrx_word' id='word_1_79' title='bbox 1574 880 1640 908; x_wconf 86' lang='lat' dir='ltr'>ce·</span> 
     </span>
     <span class='ocr_line' id='line_1_13' title="bbox 223 934 1387 993; baseline 0.002 -16"><span class='ocrx_word' id='word_1_80' title='bbox 223 948 338 977; x_wconf 80' lang='lat' dir='ltr'>teras</span> <span class='ocrx_word' id='word_1_81' title='bbox 372 934 645 977; x_wconf 81' lang='lat' dir='ltr'>obiectiones</span> <span class='ocrx_word' id='word_1_82' title='bbox 681 935 912 979; x_wconf 83' lang='lat' dir='ltr'>diluendas</span> <span class='ocrx_word' id='word_1_83' title='bbox 948 937 1097 993; x_wconf 79' lang='lat' dir='ltr'>paucis</span> <span class='ocrx_word' id='word_1_84' title='bbox 1131 937 1387 979; x_wconf 82' lang='lat' dir='ltr'>innuemus.</span> 
     </span>
    </p>

    <p class='ocr_par' dir='ltr' id='par_1_4' title="bbox 223 1006 1638 1351">
     <span class='ocr_line' id='line_1_14' title="bbox 342 1006 1638 1065; baseline 0 -15"><span class='ocrx_word' id='word_1_85' title='bbox 342 1008 388 1064; x_wconf 69' lang='lat' dir='ltr'>x)</span> <span class='ocrx_word' id='word_1_86' title='bbox 409 1008 506 1049; x_wconf 77' lang='lat' dir='ltr'>lloe</span> <span class='ocrx_word' id='word_1_87' title='bbox 532 1006 1015 1064; x_wconf 60' lang='lat' dir='ltr'>ius9quemadmodum</span> <span class='ocrx_word' id='word_1_88' title='bbox 1040 1021 1182 1050; x_wconf 80' lang='lat' dir='ltr'>cetera</span> <span class='ocrx_word' id='word_1_89' title='bbox 1206 1023 1317 1065; x_wconf 85' lang='lat' dir='ltr'>quae</span> <span class='ocrx_word' id='word_1_90' title='bbox 1362 1008 1499 1051; x_wconf 81' lang='lat' dir='ltr'>civilis</span> <span class='ocrx_word' id='word_1_91' title='bbox 1538 1022 1638 1051; x_wconf 82' lang='lat' dir='ltr'>auc—</span> 
     </span>
     <span class='ocr_line' id='line_1_15' title="bbox 224 1077 1637 1135; baseline -0.001 -14"><span class='ocrx_word' id='word_1_92' title='bbox 224 1079 378 1121; x_wconf 79' lang='lat' dir='ltr'>toritas</span> <span class='ocrx_word' id='word_1_93' title='bbox 414 1079 742 1135; x_wconf 74' lang='lat' dir='ltr'>complectitur,</span> <span class='ocrx_word' id='word_1_94' title='bbox 777 1091 856 1133; x_wconf 76' lang='lat' dir='ltr'>est,</span> <span class='ocrx_word' id='word_1_95' title='bbox 891 1095 981 1121; x_wconf 89' lang='lat' dir='ltr'>non</span> <span class='ocrx_word' id='word_1_96' title='bbox 1017 1080 1103 1121; x_wconf 85' lang='lat' dir='ltr'>iam</span> <span class='ocrx_word' id='word_1_97' title='bbox 1137 1094 1158 1120; x_wconf 87' lang='lat' dir='ltr'>a</span> <span class='ocrx_word' id='word_1_98' title='bbox 1193 1077 1463 1135; x_wconf 73' lang='lat' dir='ltr'>populo‚sed</span> <span class='ocrx_word' id='word_1_99' title='bbox 1491 1093 1512 1120; x_wconf 86' lang='lat' dir='ltr'>a</span> <span class='ocrx_word' id='word_1_100' title='bbox 1527 1079 1637 1122; x_wconf 87' lang='lat' dir='ltr'>Deo.</span> 
     </span>
     <span class='ocr_line' id='line_1_16' title="bbox 223 1150 1635 1208; baseline 0 -16"><span class='ocrx_word' id='word_1_101' title='bbox 223 1151 271 1192; x_wconf 91' lang='lat' dir='ltr'>In</span> <span class='ocrx_word' id='word_1_102' title='bbox 308 1152 525 1192; x_wconf 87' lang='lat' dir='ltr'>sententia</span> <span class='ocrx_word' id='word_1_103' title='bbox 561 1150 758 1205; x_wconf 79' lang='lat' dir='ltr'>illorum,</span> <span class='ocrx_word' id='word_1_104' title='bbox 793 1151 868 1208; x_wconf 90' lang='lat' dir='ltr'>qui</span> <span class='ocrx_word' id='word_1_105' title='bbox 901 1151 1024 1193; x_wconf 83' lang='lat' dir='ltr'>aiunt</span> <span class='ocrx_word' id='word_1_106' title='bbox 1058 1150 1229 1193; x_wconf 82' lang='lat' dir='ltr'>civilem</span> <span class='ocrx_word' id='word_1_107' title='bbox 1256 1162 1520 1207; x_wconf 88' lang='lat' dir='ltr'>potestatem</span> <span class='ocrx_word' id='word_1_108' title='bbox 1546 1164 1635 1193; x_wconf 87' lang='lat' dir='ltr'>non</span> 
     </span>
     <span class='ocr_line' id='line_1_17' title="bbox 224 1220 1636 1279; baseline 0.001 -17"><span class='ocrx_word' id='word_1_109' title='bbox 224 1237 318 1263; x_wconf 81' lang='lat' dir='ltr'>esse</span> <span class='ocrx_word' id='word_1_110' title='bbox 354 1222 438 1263; x_wconf 85' lang='lat' dir='ltr'>nisi</span> <span class='ocrx_word' id='word_1_111' title='bbox 473 1221 839 1278; x_wconf 78' lang='lat' dir='ltr'>aggregationem</span> <span class='ocrx_word' id='word_1_112' title='bbox 881 1222 1062 1277; x_wconf 81' lang='lat' dir='ltr'>iurium,</span> <span class='ocrx_word' id='word_1_113' title='bbox 1116 1221 1277 1279; x_wconf 82' lang='lat' dir='ltr'>quibus</span> <span class='ocrx_word' id='word_1_114' title='bbox 1312 1223 1469 1279; x_wconf 78' lang='lat' dir='ltr'>privati</span> <span class='ocrx_word' id='word_1_115' title='bbox 1502 1220 1636 1266; x_wconf 83' lang='lat' dir='ltr'>libere</span> 
     </span>
     <span class='ocr_line' id='line_1_18' title="bbox 224 1291 1557 1351; baseline 0.002 -18"><span class='ocrx_word' id='word_1_116' title='bbox 224 1308 271 1333; x_wconf 82' lang='lat' dir='ltr'>se</span> <span class='ocrx_word' id='word_1_117' title='bbox 306 1292 553 1348; x_wconf 78' lang='lat' dir='ltr'>exspoliant</span> <span class='ocrx_word' id='word_1_118' title='bbox 589 1291 677 1350; x_wconf 80' lang='lat'>(2),</span> <span class='ocrx_word' id='word_1_119' title='bbox 712 1291 796 1334; x_wconf 85' lang='lat' dir='ltr'>hoc</span> <span class='ocrx_word' id='word_1_120' title='bbox 832 1308 935 1335; x_wconf 87' lang='lat' dir='ltr'>sane</span> <span class='ocrx_word' id='word_1_121' title='bbox 970 1294 1037 1334; x_wconf 85' lang='lat' dir='ltr'>ius</span> <span class='ocrx_word' id='word_1_122' title='bbox 1072 1308 1163 1335; x_wconf 88' lang='lat' dir='ltr'>non</span> <span class='ocrx_word' id='word_1_123' title='bbox 1198 1293 1437 1350; x_wconf 79' lang='lat' dir='ltr'>explicatur</span> <span class='ocrx_word' id='word_1_124' title='bbox 1470 1292 1557 1351; x_wconf 82' lang='lat'>(3).</span> 
     </span>
    </p>

    <p class='ocr_par' dir='ltr' id='par_1_5' title="bbox 218 1363 1635 1849">
     <span class='ocr_line' id='line_1_19' title="bbox 338 1363 1635 1422; baseline 0.002 -17"><span class='ocrx_word' id='word_1_125' title='bbox 338 1363 383 1421; x_wconf 61' lang='grc'>[3)</span> <span class='ocrx_word' id='word_1_126' title='bbox 418 1364 579 1406; x_wconf 67' lang='lat' dir='ltr'>Mortis</span> <span class='ocrx_word' id='word_1_127' title='bbox 614 1363 881 1420; x_wconf 85' lang='lat' dir='ltr'>supplicium</span> <span class='ocrx_word' id='word_1_128' title='bbox 917 1376 980 1406; x_wconf 84' lang='lat' dir='ltr'>est</span> <span class='ocrx_word' id='word_1_129' title='bbox 1015 1363 1308 1407; x_wconf 86' lang='lat' dir='ltr'>homicidium</span> <span class='ocrx_word' id='word_1_130' title='bbox 1344 1363 1489 1422; x_wconf 89' lang='lat' dir='ltr'>quoad</span> <span class='ocrx_word' id='word_1_131' title='bbox 1513 1363 1635 1407; x_wconf 86' lang='lat' dir='ltr'>effec-</span> 
     </span>
     <span class='ocr_line' id='line_1_20' title="bbox 219 1434 1634 1493; baseline 0 -17"><span class='ocrx_word' id='word_1_132' title='bbox 219 1447 314 1476; x_wconf 88' lang='lat' dir='ltr'>tum</span> <span class='ocrx_word' id='word_1_133' title='bbox 364 1434 653 1490; x_wconf 76' lang='lat' dir='ltr'>materialem,</span> <span class='ocrx_word' id='word_1_134' title='bbox 704 1450 794 1477; x_wconf 90' lang='lat' dir='ltr'>non</span> <span class='ocrx_word' id='word_1_135' title='bbox 846 1450 950 1477; x_wconf 73' lang='lat' dir='ltr'>vero</span> <span class='ocrx_word' id='word_1_136' title='bbox 999 1434 1145 1492; x_wconf 83' lang='lat' dir='ltr'>quoad</span> <span class='ocrx_word' id='word_1_137' title='bbox 1186 1451 1233 1477; x_wconf 89' lang='lat' dir='ltr'>ea</span> <span class='ocrx_word' id='word_1_138' title='bbox 1276 1450 1387 1493; x_wconf 87' lang='lat' dir='ltr'>quae</span> <span class='ocrx_word' id='word_1_139' title='bbox 1420 1434 1634 1478; x_wconf 83' lang='lat' dir='ltr'>moralem</span> 
     </span>
     <span class='ocr_line' id='line_1_21' title="bbox 222 1506 1635 1550; baseline 0 -2"><span class='ocrx_word' id='word_1_140' title='bbox 222 1519 369 1549; x_wconf 90' lang='lat' dir='ltr'>actum</span> <span class='ocrx_word' id='word_1_141' title='bbox 405 1508 702 1549; x_wconf 70' lang='lat' dir='ltr'>constituunt.</span> <span class='ocrx_word' id='word_1_142' title='bbox 768 1507 950 1550; x_wconf 89' lang='lat' dir='ltr'>Occisio</span> <span class='ocrx_word' id='word_1_143' title='bbox 1000 1507 1164 1549; x_wconf 84' lang='lat' dir='ltr'>scilicet</span> <span class='ocrx_word' id='word_1_144' title='bbox 1199 1506 1396 1548; x_wconf 87' lang='lat' dir='ltr'>hominis</span> <span class='ocrx_word' id='word_1_145' title='bbox 1446 1522 1538 1549; x_wconf 92' lang='lat' dir='ltr'>non</span> <span class='ocrx_word' id='word_1_146' title='bbox 1571 1518 1635 1549; x_wconf 90' lang='lat' dir='ltr'>est</span> 
     </span>
     <span class='ocr_line' id='line_1_22' title="bbox 218 1577 1634 1636; baseline 0 -17"><span class='ocrx_word' id='word_1_147' title='bbox 218 1594 391 1635; x_wconf 87' lang='lat' dir='ltr'>semper</span> <span class='ocrx_word' id='word_1_148' title='bbox 427 1578 722 1621; x_wconf 88' lang='lat' dir='ltr'>homicidium</span> <span class='ocrx_word' id='word_1_149' title='bbox 748 1593 880 1620; x_wconf 88' lang='lat' dir='ltr'>sensu</span> <span class='ocrx_word' id='word_1_150' title='bbox 907 1578 1065 1620; x_wconf 86' lang='lat' dir='ltr'>morali</span> <span class='ocrx_word' id='word_1_151' title='bbox 1086 1578 1172 1636; x_wconf 80' lang='lat'>(4)</span> <span class='ocrx_word' id='word_1_152' title='bbox 1197 1578 1265 1620; x_wconf 88' lang='lat' dir='ltr'>Sic</span> <span class='ocrx_word' id='word_1_153' title='bbox 1300 1577 1400 1620; x_wconf 88' lang='lat' dir='ltr'>licet</span> <span class='ocrx_word' id='word_1_154' title='bbox 1419 1578 1523 1634; x_wconf 85' lang='lat' dir='ltr'>ipsis</span> <span class='ocrx_word' id='word_1_155' title='bbox 1548 1578 1634 1634; x_wconf 91' lang='lat' dir='ltr'>pri-</span> 
     </span>
     <span class='ocr_line' id='line_1_23' title="bbox 219 1646 1634 1706; baseline 0 -16"><span class='ocrx_word' id='word_1_156' title='bbox 219 1650 328 1691; x_wconf 76' lang='lat' dir='ltr'>vatis</span> <span class='ocrx_word' id='word_1_157' title='bbox 364 1651 584 1692; x_wconf 87' lang='lat' dir='ltr'>iniustum</span> <span class='ocrx_word' id='word_1_158' title='bbox 618 1650 731 1692; x_wconf 80' lang='lat' dir='ltr'>vitae</span> <span class='ocrx_word' id='word_1_159' title='bbox 766 1664 1073 1706; x_wconf 85' lang='lat' dir='ltr'>aggressorem</span> <span class='ocrx_word' id='word_1_160' title='bbox 1118 1647 1331 1704; x_wconf 77' lang='lat' dir='ltr'>occidere,</span> <span class='ocrx_word' id='word_1_161' title='bbox 1380 1649 1520 1691; x_wconf 87' lang='lat' dir='ltr'>iustae</span> <span class='ocrx_word' id='word_1_162' title='bbox 1562 1646 1634 1691; x_wconf 90' lang='lat' dir='ltr'>de-</span> 
     </span>
     <span class='ocr_line' id='line_1_24' title="bbox 218 1718 1634 1764; baseline -0.001 -1"><span class='ocrx_word' id='word_1_163' title='bbox 218 1721 432 1764; x_wconf 83' lang='lat' dir='ltr'>fensionis</span> <span class='ocrx_word' id='word_1_164' title='bbox 468 1737 621 1763; x_wconf 81' lang='lat' dir='ltr'>causa:</span> <span class='ocrx_word' id='word_1_165' title='bbox 659 1721 758 1763; x_wconf 88' lang='lat' dir='ltr'>licet</span> <span class='ocrx_word' id='word_1_166' title='bbox 784 1720 999 1763; x_wconf 81' lang='lat' dir='ltr'>militibus</span> <span class='ocrx_word' id='word_1_167' title='bbox 1036 1721 1079 1762; x_wconf 89' lang='lat' dir='ltr'>in</span> <span class='ocrx_word' id='word_1_168' title='bbox 1107 1719 1219 1762; x_wconf 89' lang='lat' dir='ltr'>bello</span> <span class='ocrx_word' id='word_1_169' title='bbox 1245 1721 1361 1762; x_wconf 85' lang='lat' dir='ltr'>iusto</span> <span class='ocrx_word' id='word_1_170' title='bbox 1385 1718 1634 1762; x_wconf 83' lang='lat' dir='ltr'>interficere</span> 
     </span>
     <span class='ocr_line' id='line_1_25' title="bbox 219 1792 685 1849; baseline 0 -15"><span class='ocrx_word' id='word_1_171' title='bbox 219 1793 368 1835; x_wconf 86' lang='lat' dir='ltr'>hostes</span> <span class='ocrx_word' id='word_1_172' title='bbox 404 1792 685 1849; x_wconf 85' lang='lat' dir='ltr'>reipublicae.</span> 
     </span>
    </p>

    <p class='ocr_par' dir='ltr' id='par_1_6' title="bbox 334 1861 1632 1921">
     <span class='ocr_line' id='line_1_26' title="bbox 334 1861 1632 1921; baseline -0.001 -15"><span class='ocrx_word' id='word_1_173' title='bbox 334 1863 381 1921; x_wconf 81' lang='grc' dir='ltr'>γ)</span> <span class='ocrx_word' id='word_1_174' title='bbox 418 1864 521 1906; x_wconf 86' lang='lat' dir='ltr'>Non</span> <span class='ocrx_word' id='word_1_175' title='bbox 557 1864 657 1906; x_wconf 88' lang='lat' dir='ltr'>licet</span> <span class='ocrx_word' id='word_1_176' title='bbox 692 1864 860 1906; x_wconf 85' lang='lat' dir='ltr'>malum</span> <span class='ocrx_word' id='word_1_177' title='bbox 887 1863 1056 1906; x_wconf 85' lang='lat' dir='ltr'>morale</span> <span class='ocrx_word' id='word_1_178' title='bbox 1080 1863 1376 1918; x_wconf 74' lang='lat' dir='ltr'>committere,</span> <span class='ocrx_word' id='word_1_179' title='bbox 1401 1863 1501 1920; x_wconf 83' lang='lat' dir='ltr'>quia</span> <span class='ocrx_word' id='word_1_180' title='bbox 1525 1861 1632 1905; x_wconf 87' lang='lat' dir='ltr'>alter</span> 
     </span>
    </p>
   </div>
   <div class='ocr_carea' id='block_1_3' title="bbox 215 2070 1630 2471">
    <p class='ocr_par' dir='ltr' id='par_1_7' title="bbox 219 2070 1630 2232">
     <span class='ocr_line' id='line_1_27' title="bbox 288 2070 1630 2115; baseline 0 -10"><span class='ocrx_word' id='word_1_181' title='bbox 288 2072 344 2115; x_wconf 80' lang='lat'>(1)</span> <span class='ocrx_word' id='word_1_182' title='bbox 372 2073 418 2105; x_wconf 74' lang='lat' dir='ltr'>L&#39;t</span> <span class='ocrx_word' id='word_1_183' title='bbox 448 2072 570 2113; x_wconf 74' lang='lat' dir='ltr'>homo,</span> <span class='ocrx_word' id='word_1_184' title='bbox 599 2072 646 2105; x_wconf 83' lang='lat' dir='ltr'>ait</span> <span class='ocrx_word' id='word_1_185' title='bbox 676 2070 928 2115; x_wconf 79' lang='lat' dir='ltr'>Philosophus,</span> <span class='ocrx_word' id='word_1_186' title='bbox 956 2071 1060 2105; x_wconf 80' lang='lat' dir='ltr'>l&#39;olit.</span> <span class='ocrx_word' id='word_1_187' title='bbox 1080 2072 1104 2104; x_wconf 91' lang='lat' dir='ltr'>I.</span> <span class='ocrx_word' id='word_1_188' title='bbox 1129 2082 1167 2113; x_wconf 85' lang='lat'>1.‚</span> <span class='ocrx_word' id='word_1_189' title='bbox 1188 2071 1260 2104; x_wconf 63' lang='lat' dir='ltr'>suis</span> <span class='ocrx_word' id='word_1_190' title='bbox 1281 2070 1445 2104; x_wconf 84' lang='lat' dir='ltr'>omnibus</span> <span class='ocrx_word' id='word_1_191' title='bbox 1473 2070 1630 2105; x_wconf 85' lang='lat' dir='ltr'>numeris</span> 
     </span>
     <span class='ocr_line' id='line_1_28' title="bbox 219 2129 1629 2174; baseline -0.002 -10"><span class='ocrx_word' id='word_1_192' title='bbox 219 2131 399 2165; x_wconf 79' lang='lat' dir='ltr'>absolutus</span> <span class='ocrx_word' id='word_1_193' title='bbox 430 2140 483 2165; x_wconf 80' lang='lat' dir='ltr'>est</span> <span class='ocrx_word' id='word_1_194' title='bbox 519 2130 726 2164; x_wconf 88' lang='lat' dir='ltr'>animalium</span> <span class='ocrx_word' id='word_1_195' title='bbox 754 2130 943 2174; x_wconf 89' lang='lat' dir='ltr'>optimum,</span> <span class='ocrx_word' id='word_1_196' title='bbox 964 2130 1011 2163; x_wconf 89' lang='lat' dir='ltr'>ita</span> <span class='ocrx_word' id='word_1_197' title='bbox 1040 2142 1058 2164; x_wconf 89' lang='lat' dir='ltr'>a</span> <span class='ocrx_word' id='word_1_198' title='bbox 1098 2129 1177 2174; x_wconf 83' lang='lat' dir='ltr'>lege</span> <span class='ocrx_word' id='word_1_199' title='bbox 1206 2138 1239 2162; x_wconf 90' lang='lat' dir='ltr'>et</span> <span class='ocrx_word' id='word_1_200' title='bbox 1278 2129 1352 2162; x_wconf 87' lang='lat' dir='ltr'>iure</span> <span class='ocrx_word' id='word_1_201' title='bbox 1391 2137 1551 2162; x_wconf 84' lang='lat' dir='ltr'>semotus</span> <span class='ocrx_word' id='word_1_202' title='bbox 1578 2137 1629 2162; x_wconf 86' lang='lat' dir='ltr'>est</span> 
     </span>
     <span class='ocr_line' id='line_1_29' title="bbox 219 2189 1572 2232; baseline -0.003 -8"><span class='ocrx_word' id='word_1_203' title='bbox 219 2192 381 2224; x_wconf 88' lang='lat' dir='ltr'>omnium</span> <span class='ocrx_word' id='word_1_204' title='bbox 421 2191 671 2224; x_wconf 85' lang='lat' dir='ltr'>deterrimum:</span> <span class='ocrx_word' id='word_1_205' title='bbox 699 2192 861 2232; x_wconf 70' lang='grc' dir='ltr'>χωρισθὲν</span> <span class='ocrx_word' id='word_1_206' title='bbox 887 2192 992 2231; x_wconf 69' lang='grc' dir='ltr'>νόμω</span> <span class='ocrx_word' id='word_1_207' title='bbox 1020 2192 1081 2221; x_wconf 76' lang='grc' dir='ltr'>καὶ</span> <span class='ocrx_word' id='word_1_208' title='bbox 1109 2192 1206 2231; x_wconf 69' lang='grc' dir='ltr'>δίκης</span> <span class='ocrx_word' id='word_1_209' title='bbox 1232 2192 1401 2231; x_wconf 69' lang='grc' dir='ltr'>χείριστον</span> <span class='ocrx_word' id='word_1_210' title='bbox 1427 2189 1572 2220; x_wconf 78' lang='grc' dir='ltr'>πάντων.</span> 
     </span>
    </p>

    <p class='ocr_par' dir='ltr' id='par_1_8' title="bbox 289 2245 1617 2293">
     <span class='ocr_line' id='line_1_30' title="bbox 289 2245 1617 2293; baseline -0.002 -11"><span class='ocrx_word' id='word_1_211' title='bbox 289 2250 345 2293; x_wconf 76' lang='lat'>(2)</span> <span class='ocrx_word' id='word_1_212' title='bbox 372 2250 426 2282; x_wconf 84' lang='lat' dir='ltr'>De</span> <span class='ocrx_word' id='word_1_213' title='bbox 454 2249 520 2282; x_wconf 88' lang='lat' dir='ltr'>hac</span> <span class='ocrx_word' id='word_1_214' title='bbox 548 2248 725 2282; x_wconf 82' lang='lat' dir='ltr'>sententia</span> <span class='ocrx_word' id='word_1_215' title='bbox 753 2247 904 2281; x_wconf 80' lang='lat' dir='ltr'>diximus</span> <span class='ocrx_word' id='word_1_216' title='bbox 932 2247 1092 2292; x_wconf 81' lang='lat' dir='ltr'>saepius:</span> <span class='ocrx_word' id='word_1_217' title='bbox 1123 2245 1167 2280; x_wconf 87' lang='lat' dir='ltr'>cf.</span> <span class='ocrx_word' id='word_1_218' title='bbox 1207 2247 1417 2291; x_wconf 85' lang='lat' dir='ltr'>praesertim</span> <span class='ocrx_word' id='word_1_219' title='bbox 1443 2258 1523 2292; x_wconf 85' lang='lat' dir='ltr'>pag.</span> <span class='ocrx_word' id='word_1_220' title='bbox 1554 2256 1617 2293; x_wconf 87' lang='lat'>197</span> 
     </span>
    </p>

    <p class='ocr_par' dir='ltr' id='par_1_9' title="bbox 215 2305 1628 2411">
     <span class='ocr_line' id='line_1_31' title="bbox 287 2305 1628 2353; baseline -0.001 -11"><span class='ocrx_word' id='word_1_221' title='bbox 287 2311 333 2353; x_wconf 78' lang='lat'>(3)</span> <span class='ocrx_word' id='word_1_222' title='bbox 362 2309 416 2342; x_wconf 75' lang='lat' dir='ltr'>Ct.</span> <span class='ocrx_word' id='word_1_223' title='bbox 444 2309 592 2342; x_wconf 87' lang='lat' dir='ltr'>omnino</span> <span class='ocrx_word' id='word_1_224' title='bbox 627 2319 717 2352; x_wconf 85' lang='lat' dir='ltr'>quae</span> <span class='ocrx_word' id='word_1_225' title='bbox 745 2307 811 2341; x_wconf 83' lang='lat' dir='ltr'>hac</span> <span class='ocrx_word' id='word_1_226' title='bbox 839 2308 883 2341; x_wconf 88' lang='lat' dir='ltr'>de</span> <span class='ocrx_word' id='word_1_227' title='bbox 910 2319 946 2341; x_wconf 89' lang='lat' dir='ltr'>re</span> <span class='ocrx_word' id='word_1_228' title='bbox 968 2307 1119 2340; x_wconf 71' lang='lat' dir='ltr'>diximus</span> <span class='ocrx_word' id='word_1_229' title='bbox 1138 2318 1258 2351; x_wconf 80' lang='lat' dir='ltr'>super.</span> <span class='ocrx_word' id='word_1_230' title='bbox 1277 2318 1357 2352; x_wconf 83' lang='lat' dir='ltr'>pag.</span> <span class='ocrx_word' id='word_1_231' title='bbox 1378 2316 1445 2349; x_wconf 62' lang='lat'>45„</span> <span class='ocrx_word' id='word_1_232' title='bbox 1465 2315 1499 2341; x_wconf 91' lang='lat' dir='ltr'>et</span> <span class='ocrx_word' id='word_1_233' title='bbox 1518 2305 1628 2340; x_wconf 85' lang='lat' dir='ltr'>fusius</span> 
     </span>
     <span class='ocr_line' id='line_1_32' title="bbox 215 2377 402 2411; baseline -0.011 0"><span class='ocrx_word' id='word_1_234' title='bbox 215 2378 293 2411; x_wconf 76' lang='lat' dir='ltr'>pag.</span> <span class='ocrx_word' id='word_1_235' title='bbox 326 2377 402 2411; x_wconf 70' lang='lat'>194-</span> 
     </span>
    </p>

    <p class='ocr_par' dir='ltr' id='par_1_10' title="bbox 286 2426 1003 2471">
     <span class='ocr_line' id='line_1_33' title="bbox 286 2426 1003 2471; baseline 0.001 -13"><span class='ocrx_word' id='word_1_236' title='bbox 286 2428 330 2467; x_wconf 74' lang='grc' dir='ltr'>(ι)</span> <span class='ocrx_word' id='word_1_237' title='bbox 359 2426 449 2459; x_wconf 72' lang='lat' dir='ltr'>Vide</span> <span class='ocrx_word' id='word_1_238' title='bbox 478 2426 546 2459; x_wconf 66' lang='lat' dir='ltr'>vol.</span> <span class='ocrx_word' id='word_1_239' title='bbox 575 2427 603 2459; x_wconf 82' lang='grc' dir='ltr'>Π</span> <span class='ocrx_word' id='word_1_240' title='bbox 647 2438 724 2471; x_wconf 65' lang='lat' dir='ltr'>pag.</span> <span class='ocrx_word' id='word_1_241' title='bbox 759 2436 834 2468; x_wconf 58' lang='grc' dir='ltr'>εις,</span> <span class='ocrx_word' id='word_1_242' title='bbox 865 2435 897 2459; x_wconf 78' lang='lat' dir='ltr'>et</span> <span class='ocrx_word' id='word_1_243' title='bbox 928 2436 963 2467; x_wconf 62' lang='grc' dir='ltr'>,Ἲς</span> <span class='ocrx_word' id='word_1_244' title='bbox 983 2437 1003 2467; x_wconf 62' lang='lat'>⁴4-</span> 
     </span>
    </p>
   </div>
  </div>
 </body>
</html>
