1705 2787
212 201 389 262 quando
436 201 553 246 filius
578 217 669 244 non
705 201 895 259 amplius
929 199 1098 258 indiget
1137 212 1258 259 patre
1292 199 1343 245 ad
1377 217 1421 244 se
1452 202 1495 244 in
1541 200 1627 245 vita

213 274 583 330 conservandum,
608 273 682 316 sed
707 284 812 316 tunc
837 271 1152 316 tantummodo
1186 271 1362 330 quando
1388 273 1503 316 filius
1528 289 1627 316 cen-

213 358 333 389 setur
369 356 658 402 promotus«
702 343 753 386 ad
802 341 1047 400 perfectum
1098 354 1262 386 statum
1318 343 1514 386 hominis
1562 345 1627 387 in-

213 430 429 476 quantum
467 416 604 459 homo
639 427 719 472 est,
743 416 819 473 qui
844 427 909 457 est
928 416 1105 458 virtutis
1130 427 1311 458 status.»
1339 416 1448 459 Aliis
1469 415 1627 472 verbis,

214 500 368 532 natura
404 487 597 544 imponit
632 484 890 543 parentibus
915 485 1113 528 officium
1138 485 1374 543 praebendi
1398 486 1498 529 filiis
1524 485 1628 530 edu-

214 560 432 602 cationem
470 573 560 599 non
596 557 731 599 modo
767 556 994 614 physicam
1030 555 1105 599 sed
1130 558 1261 599 etiam
1285 558 1626 600 intellectualem

214 643 255 673 et
289 629 517 672 moralem:
556 639 883 685 consequenter
918 640 1066 670 autem
1101 627 1272 670 confert
1305 628 1461 671 iisdem
1486 629 1553 672 ius
1577 627 1628 671 ad

214 700 327 744 filios
362 698 617 756 dirigendos
655 697 919 755 obligandos
954 698 1177 754 cogendos
1228 715 1366 756 usque
1409 698 1461 742 ad
1509 714 1630 742 com-

214 773 382 830 pletum
417 771 691 814 educationis
728 771 861 812 etiam
896 770 1075 812 moralis
1111 785 1290 813 munus,
1317 771 1430 813 Huic
1455 771 1540 813 iuri
1565 786 1629 813 re-

214 841 402 900 spondet
436 842 481 884 in
516 841 616 884 filiis
654 840 853 883 officium
889 841 1089 883 naturale
1124 840 1381 897 parentibus
1416 857 1555 899 usque
1578 840 1629 884 ad

216 913 489 972 praedictum
525 925 702 970 tempus
737 911 985 955 obediendi.
1037 913 1129 965 Qui
1163 912 1357 955 officium
1403 912 1629 971 obtempe-

216 984 339 1028 randi
373 983 630 1042 parentibus
663 985 707 1026 in
752 984 818 1034 iis,
867 998 977 1040 quae
1001 982 1051 1026 ad
1087 982 1395 1026 educationem
1435 985 1629 1027 intellec-

215 1057 380 1100 tualem
415 1068 456 1099 et
476 1056 691 1099 moralem
716 1057 953 1113 pertinent,
974 1057 1130 1113 repetit
1156 1073 1244 1099 non
1265 1073 1315 1100 ex
1334 1058 1424 1114 ipsa
1459 1070 1629 1114 natura,

216 1125 290 1169 sed
309 1142 360 1169 ex
379 1138 534 1169 mutua
558 1127 869 1179 conventione;
904 1127 937 1168 is
963 1138 1115 1168 contra
1140 1142 1319 1169 sensum
1341 1143 1629 1170 communem

217 1198 430 1256 loquitur,
464 1210 505 1240 et
539 1199 683 1254 arguit
717 1213 768 1240 ex
802 1197 908 1240 falso
958 1197 1266 1255 praestabilitis
1301 1214 1374 1240 sen
1421 1214 1630 1255 praecon—

217 1269 354 1326 ceptis
389 1268 676 1326 opinionibus
711 1270 822 1311 circa
857 1269 1105 1312 essentialem
1138 1270 1294 1312 homini
1326 1269 1542 1313 libertatem
1567 1283 1628 1314 at-

219 1358 304 1400 que
339 1342 702 1398 independenticzm.

306 1414 355 1456 In
391 1413 509 1456 hisce
544 1412 719 1456 duobus
756 1413 981 1469 principiis
1017 1411 1067 1455 de
1102 1413 1323 1455 essentiali
1359 1412 1554 1456 hominis
1580 1413 1629 1456 li-

220 1483 386 1527 bertate
421 1496 463 1526 et
496 1482 547 1526 de
571 1482 792 1525 essentiali
816 1482 1012 1524 hominis
1036 1482 1393 1539 independentia,
1418 1482 1630 1526 fundatur

218 1553 389 1596 theoria
422 1553 475 1596 dn
510 1562 662 1595 contrat
696 1552 832 1595 socias.
868 1551 950 1594 Sed
985 1552 1089 1594 haec
1124 1552 1437 1596 animadverte.
1458 1579 1510 1584 —
1535 1554 1631 1610 Ipsa

220 1625 401 1683 quidem
436 1624 617 1668 facultas
654 1624 881 1679 naturalis,
916 1640 1050 1681 quam
1099 1640 1180 1667 nos
1216 1624 1405 1667 dicimus
1440 1625 1630 1668 liberum

220 1695 455 1739 arbitrium
490 1695 845 1754 veljlibertatem,
880 1707 943 1737 est
979 1694 1153 1737 homini
1178 1696 1435 1738 essentialis.
1460 1697 1630 1738 Verum

220 1766 341 1825 quod
360 1768 516 1810 attinet
541 1766 591 1810 ad
618 1782 736 1809 nsum
770 1781 845 1809 seu
873 1767 1110 1808 exercitium
1136 1766 1269 1808 huius
1289 1765 1522 1822 facultatis,
1540 1781 1631 1808 non

221 1851 285 1881 est
319 1839 551 1882 essentiale
586 1839 774 1894 homini,
809 1837 930 1895 quod
966 1837 1085 1880 nulla
1120 1838 1175 1880 sit
1210 1839 1448 1880 auctoritas
1492 1838 1632 1880 nulla-

221 1926 307 1968 que
341 1910 407 1953 lex
441 1910 634 1967 dirigens
670 1910 930 1952 exercitium
956 1908 1167 1952 libertatis
1202 1921 1243 1951 et
1275 1910 1405 1951 etiam
1431 1909 1631 1966 obligans

221 1982 448 2024 moraliter
480 1982 532 2024 ad
565 1997 659 2024 eam
695 1980 982 2023 exercendam
1033 1980 1108 2022 tali
1152 1980 1288 2023 modo
1323 1993 1363 2023 et
1398 1997 1488 2023 non
1533 1982 1631 2024 alio.

222 2053 373 2094 Potest
408 2068 516 2107 esse,
550 2053 641 2095 imo
674 2050 802 2095 debet
838 2067 930 2093 esse
965 2051 1032 2093 lex
1085 2050 1245 2107 divina,
1295 2064 1336 2094 et
1385 2052 1452 2094 lex
1500 2053 1632 2094 etiarn

223 2123 433 2179 humana,
468 2138 580 2180 quae
625 2135 870 2180 utrumque
919 2122 1026 2165 illud
1076 2134 1281 2179 praestet,
1331 2122 1463 2180 idque
1513 2123 1632 2166 inde-

223 2194 465 2252 pendenter
499 2211 520 2237 a
555 2210 775 2237 consensu
812 2194 879 2237 vel
914 2206 1041 2251 pacto
1076 2206 1244 2236 nostr0.
1282 2221 1333 2225 —
1369 2195 1519 2237 Homo
1569 2207 1633 2237 est

224 2265 524 2323 independens
558 2267 690 2323 quoad
723 2282 839 2309 snum
876 2281 973 2317 esse,
1011 2266 1037 2308 i.
1073 2265 1354 2308 e.ordinatus
1380 2265 1431 2308 ad
1456 2267 1632 2309 Bonum

224 2336 470 2393 infinitum,
504 2349 732 2395 tamquam
776 2337 828 2380 ad
863 2336 997 2380 finem
1032 2353 1167 2379 suum
1202 2337 1414 2380 ultimum
1463 2350 1504 2380 et
1552 2338 1634 2380 im-

225 2409 483 2453 mediatum:
520 2425 644 2452 secus
680 2426 725 2452 ac
762 2409 888 2452 bruta
923 2424 1032 2467 quae
1057 2421 1160 2452 sunt
1193 2409 1324 2466 quoad
1347 2410 1479 2466 ipsum
1514 2424 1633 2451 suum
