1705 2787
662 53 923 109 *289*

76 161 274 216 ciationi,
307 171 350 202 et
382 170 487 202 sunt
523 158 635 202 basis
670 175 746 203 seu
782 159 1142 216 fundamentum,
1177 174 1265 216 quo
1290 160 1409 216 leges
1427 174 1500 202 cu-

74 235 234 290 iusque
267 232 455 275 civitatis
489 232 692 288 proptiae
726 233 1000 275 innituntur.
1037 233 1152 274 Hinc
1188 233 1350 274 merito
1376 231 1498 287 leges

66 303 399 363 fundamentales
433 303 641 360 appellari
677 317 879 361 possunt.

162 377 221 418 At
254 387 478 432 praeterea
512 376 695 418 nomine
730 376 880 433 legum
919 376 1301 433 simdczmt’ntczlz'um
1335 375 1499 419 intelli-

75 458 244 503 guntur
278 460 351 488 eae
386 446 519 502 legeS‚
553 461 665 503 quae
699 445 889 489 formam
928 448 1069 504 ipsam
1104 447 1326 490 societatis
1362 447 1500 503 respi-

77 518 215 572 ciunt,
249 531 296 558 ac
330 514 497 558 dictant
530 532 566 557 e.
601 531 641 571 g
677 516 865 559 modum
899 517 1103 574 gubernii
1138 533 1228 576 quo
1263 530 1404 561 status
1430 533 1495 560 re-

77 588 198 644 gitur
232 602 326 628 esse
360 586 716 642 monarchicu1n‚
751 590 1045 631 successionis
1080 588 1268 632 modum
1304 604 1396 631 esse
1421 603 1496 645 per

77 657 410 714 haereditatem,
444 646 708 715 potestatem
757 659 1045 715 legislativam
1081 660 1238 703 debere
1273 660 1500 703 collective

78 730 270 773 exerceri
302 744 325 771 a
358 729 600 772 monarcha
634 741 675 771 et
709 745 729 771 a
765 728 928 787 duplici
963 732 1127 774 civium
1152 744 1279 774 coetu
1307 744 1387 774 etc.
1417 733 1501 775 Ha—

81 816 183 843 rum
215 801 368 856 legum
403 800 662 857 complexus
697 801 808 843 solet
842 804 1003 857 vocari,
1037 804 1101 844 ius
1136 804 1378 845 constituens
1412 802 1499 861 (1)

166 873 258 914 Hae
277 873 393 929 leges
413 870 766 914 fundamentales
787 886 1034 929 possuntne
1056 875 1238 916 mutari?
1259 901 1311 905 —
1332 874 1498 916 Mutari

78 942 276 1000 profecto
310 955 541 1000 nequeunt
576 943 693 999 leges
728 944 840 999 illae,
874 960 980 1001 quas
1017 958 1173 987 natura
1207 945 1298 1001 ipsa
1331 946 1501 1001 statuit,

81 1027 128 1058 ut
162 1016 251 1057 sint
286 1013 398 1056 basis
433 1030 509 1057 seu
534 1013 879 1057 fundamentum
905 1015 1140 1058 cuiuslibet
1166 1017 1368 1072 politicae
1393 1031 1498 1059 con-

78 1087 351 1128 sociationis,
386 1112 439 1117 —
476 1085 614 1138 Quod
648 1099 797 1129 autem
846 1099 1012 1143 spectat
1046 1086 1097 1129 ad
1147 1086 1500 1130 fundamentales

79 1158 259 1201 alterius
293 1159 468 1214 generis
502 1158 619 1215 leges
654 1159 736 1200 tria
770 1160 1031 1201 statuimus:
1068 1159 1115 1216 α)
1140 1171 1285 1214 potest
1310 1160 1500 1201 mutatio

80 1229 175 1272 fieri
209 1244 261 1271 ex
295 1230 529 1286 utriusque
563 1231 712 1287 parti5‚
738 1231 763 1272 i.
789 1246 825 1272 e.
850 1242 947 1272 tum
973 1231 1182 1286 principis
1208 1243 1305 1272 tum
1331 1230 1500 1287 populi,

80 1317 326 1344 consensu:
361 1302 407 1360 β)
441 1317 532 1344 non
566 1315 712 1359 potest
747 1304 937 1344 mutatio
961 1301 1056 1344 fieri
1080 1318 1130 1344 ex
1154 1302 1246 1344 sola
1272 1303 1499 1345 voluntate

79 1374 213 1430 partis
247 1388 324 1415 seu
358 1388 574 1430 personae
609 1373 742 1429 illius,
776 1389 887 1431 quae
923 1389 1013 1415 non
1048 1386 1112 1415 est
1146 1372 1398 1416 subiectum
1423 1388 1499 1431 po-

78 1445 247 1486 testatis
282 1443 507 1501 legiferae:
542 1445 590 1503 γ)
626 1445 697 1487 illa
730 1460 835 1487 vero
871 1460 1073 1502 persona7
1106 1445 1151 1486 in
1186 1461 1270 1502 qua
1305 1458 1499 1502 potestas

78 1514 257 1572 legifera
291 1515 468 1571 residet,
503 1529 648 1573 potest
682 1532 728 1559 ac
765 1518 858 1559 iure
893 1529 1075 1559 naturae
1110 1529 1286 1559 tenetur
1312 1532 1499 1560 consen-

78 1603 178 1630 sum
212 1586 314 1630 dare
348 1600 390 1630 et
424 1591 725 1632 mutationem
758 1589 912 1644 facere,
947 1590 1125 1646 quando
1152 1591 1388 1632 necessitas
1419 1591 1501 1632 rei-

77 1658 277 1715 publicae
310 1661 609 1703 mutationem
646 1660 740 1703 sieri
776 1676 925 1703 revera
959 1662 1116 1717 exigat.

168 1731 221 1773 II.
255 1731 353 1773 Alia
387 1747 477 1774 non
511 1745 577 1774 est
626 1733 1019 1788 praetermittenda
1067 1733 1296 1789 quaestio:
1348 1744 1501 1775 utrum

80 1802 304 1859 legislator
329 1803 420 1845 suis
455 1804 547 1860 ipse
583 1802 752 1859 legibus
788 1803 1025 1859 obligetur.

166 1874 270 1916 Duo
303 1874 509 1931 inprimis
544 1887 648 1917 sunt
683 1873 948 1917 adnotanda.
971 1901 1022 1905 -
1049 1874 1096 1932 α)
1120 1875 1224 1917 Non
1251 1874 1319 1916 hic
1355 1875 1500 1931 agitur

79 1943 130 1986 de
165 1956 257 1986 tota
292 1945 455 1987 civium
481 1947 806 1988 communitate
831 1946 974 2001 legem
1000 1945 1082 1988 sibi
1108 1944 1299 1988 ferente:
1327 1959 1500 1988 certum

79 2028 144 2058 est
178 2016 298 2058 enim
332 2016 452 2074 quod
486 2017 553 2059 lex
586 2033 608 2059 a
633 2029 726 2059 tota
760 2018 1083 2059 communitate
1107 2017 1190 2059 lata
1215 2016 1383 2073 obligat
1407 2033 1502 2060 om-

79 2102 155 2128 nes
192 2087 310 2130 illius
345 2089 684 2130 communitatis
720 2103 944 2144 personas.
992 2089 1142 2145 Itaque
1176 2090 1322 2145 agitur
1357 2087 1408 2131 de
1445 2088 1502 2130 le-

79 2158 302 2215 gislatore,
347 2161 423 2216 qui
457 2161 512 2202 sit
563 2175 676 2202 unus
712 2178 732 2200 e
768 2159 936 2201 civibus
988 2160 1054 2202 vel
1103 2173 1255 2201 coetus
1305 2159 1501 2216 partialis

81 2229 334 2287 aliquorum
371 2232 550 2274 civium.
586 2258 637 2262 ——
674 2233 718 2289 Ι’3)
755 2232 911 2273 Sermo
956 2232 1138 2288 insuper
1175 2244 1239 2273 est
1274 2231 1325 2274 de
1358 2232 1409 2273 iis
1446 2232 1502 2273 le-

151 2426 206 2470 (1)
236 2426 290 2460 Cf.
319 2427 537 2468 Liberatore,
570 2429 620 2461 ius
652 2439 719 2460 wc.
751 2440 845 2461 num.
878 2431 930 2467 ὃς.
