1705 2787
803 77 1062 127 —376—

223 196 275 223 ne
309 181 402 222 iura
439 190 696 220 remaneant
720 191 904 234 *semper
939 177 1119 230 incerta,
1154 186 1195 217 et
1229 175 1290 216 sic
1323 174 1479 231 iurgiis
1514 188 1562 216 ac
1587 172 1638 218 li-

223 249 342 292 tibus
376 263 480 290 ansa
517 248 659 291 detur.

344 320 461 362 Haec
496 331 644 362 autern
678 318 849 376 aliaque
884 315 1104 360 eiusmodi
1138 315 1283 374 (quod
1317 328 1382 359 cst
1416 317 1498 359 rite
1532 330 1642 359 con-

224 390 534 449 siderandum)
569 407 659 433 non
694 391 779 432 iarn
815 402 919 432 sunt
953 402 1074 432 actus
1109 389 1392 446 proprietatis
1418 400 1494 431 aut
1516 403 1642 431 corn-

225 464 521 521 proprietatis‚
547 477 680 520 quam
706 477 780 504 rex
804 462 1010 518 politicus
1036 460 1192 503 habeat
1211 462 1255 503 in
1281 461 1448 517 privata
1472 460 1639 502 civium

225 534 437 589 dominia,
471 533 546 576 sed
581 546 684 576 sunt
718 534 977 575 exercitium
1002 533 1109 575 iuris
1136 532 1319 589 politici,
1345 530 1465 589 quod
1485 543 1645 574 natura

227 607 320 662 regi
353 605 445 660 dat‚-
474 605 698 662 simulque
733 604 879 660 officii,
915 603 1034 661 quod
1058 603 1200 646 eidem
1226 604 1432 660 imponit,
1457 601 1642 645 curandi

228 678 334 720 totis
368 676 550 732 viribus,
586 690 635 719 ut
672 677 822 719 omnia
846 677 889 719 in
915 677 1238 718 communitate
1263 687 1379 718 recte
1399 687 1441 717 et
1464 672 1644 731 pacifice

229 761 510 806 peragantur,
545 749 695 805 sicque
732 747 842 790 ordo
867 760 908 790 et
933 748 1202 804 prosperitas
1227 746 1646 802 stabiliantur‚con-

228 833 463 862 serventur
496 835 542 861 ac
578 820 719 876 magis
755 820 985 876 magisque
1019 818 1270 861 florescant.
1323 816 1490 861 Exinde
1540 831 1646 859 vero

229 892 291 934 nil
325 890 524 948 profecto
559 891 759 948 sequitur
794 891 838 932 in
872 889 1071 932 favorem
1120 890 1366 932 sententiae
1400 888 1650 932 Socialista-

231 980 333 1007 rum
367 963 716 1007 attribuentium
764 964 954 1020 principi
1007 963 1123 1005 civili
1174 962 1350 1019 plenam
1400 962 1445 1003 in
1479 960 1647 1018 privata

233 1037 398 1078 civium
434 1035 631 1078 dominia
667 1047 950 1091 potestatem.

350 1107 448 1150 208.
483 1107 730 1149 SCHOLtoN.
766 1106 1054 1162 Dominium,
1079 1104 1199 1162 quod
1223 1117 1380 1147 natura
1404 1104 1536 1146 etiam
1561 1103 1648 1160 pri—

230 1179 340 1221 vatis
373 1179 418 1220 in
453 1193 520 1220 res
554 1178 754 1235 proprias
790 1176 1008 1232 concedit,
1043 1176 1354 1233 complectitur
1379 1190 1559 1233 quoque
1578 1175 1646 1217 ius

232 1249 437 1292 testandi.
493 1249 586 1292 Hac
621 1248 672 1291 de
708 1264 752 1291 re
801 1250 887 1291 iarn
937 1249 1022 1291 alio
1058 1248 1158 1290 loco
1194 1249 1266 1306 (1)
1322 1248 1648 1305 disputavimus

233 1333 386 1363 contra
423 1320 778 1376 Communistas,
814 1322 889 1377 qui
925 1321 992 1362 ius
1027 1319 1135 1363 illud
1171 1321 1392 1375 reficiunt,
1427 1332 1469 1362 et
1503 1319 1649 1361 Socia-

231 1393 350 1435 listas
388 1394 481 1449 ,qui
506 1408 556 1434 ex
575 1392 666 1434 sola
691 1392 797 1448 legis
821 1392 961 1435 civilis
983 1391 1276 1448 dispositione
1300 1389 1410 1433 illud
1434 1390 1648 1433 derivant.

352 1465 503 1517 Quare
538 1464 621 1506 hoc
656 1465 789 1506 etiam
824 1465 891 1506 ius
927 1465 1129 1521 princeps
1155 1462 1293 1505 civilis
1314 1461 1442 1505 debet
1460 1461 1651 1504 maxime

235 1536 439 1591 revereri,
466 1535 507 1577 id
533 1534 746 1590 curando,
768 1547 814 1577 ut
839 1535 1045 1577 voluntas
1072 1534 1227 1577 ultima
1252 1534 1477 1576 testatoris
1503 1544 1652 1575 sancte

233 1608 483 1665 impleatur.
519 1606 754 1660 Quaedam
789 1622 924 1663 porro
959 1619 1079 1662 sunt,
1104 1622 1231 1664 quae,
1257 1605 1336 1647 hac
1360 1606 1495 1647 etiam
1519 1605 1564 1646 in
1583 1618 1643 1659 re,

234 1680 399 1722 intuitu
434 1693 609 1735 semper
646 1677 750 1720 boni
786 1679 1040 1720 communis
1090 1692 1325 1735 supremae
1375 1676 1654 1719 auctoritatis

232 1750 432 1793 subiecto
467 1762 743 1806 competunt.
778 1749 847 1791 Sic
882 1762 1028 1807 potest
1043 1749 1339 1792 determinare
1365 1747 1650 1791 conditiones
1684 1797 1688 1799 ,

233 1838 308 1864 seu
344 1822 502 1878 legales
537 1821 701 1864 formas
735 1838 756 1863 a
792 1821 961 1863 civibus
995 1820 1256 1877 implendas,
1303 1832 1351 1862 ut
1382 1831 1650 1861 testamenta

234 1906 349 1936 recte
383 1906 458 1936 aut
497 1894 629 1935 etiam
662 1891 802 1936 valide
834 1892 956 1936 fiant.
990 1893 1103 1935 Item
1152 1903 1297 1948 potest
1331 1890 1647 1945 determinare,

237 1980 346 2022 quae
391 1977 432 2007 et
481 1964 923 2022 quantarbonorum
973 1979 1072 2021 pars
1120 1965 1174 2006 sit
1223 1978 1245 2004 a
1293 1962 1552 2020 parentibus
1603 1978 1655 2006 ex

236 2037 508 2093 praescripto
534 2035 823 2093 relinquenda
859 2035 960 2078 filiis
995 2036 1040 2077 in
1078 2033 1416 2077 haereditatem.

358 2109 454 2150 Hoc
489 2108 621 2150 etiam
655 2107 826 2151 addam.
864 2107 1083 2149 Homines
1119 2117 1356 2148 senserunt
1404 2106 1473 2148 ius
1522 2116 1655 2162 atque

241 2175 438 2219 officium
472 2176 523 2219 ab
557 2178 649 2234 ipsa
684 2189 835 2219 ortum
869 2188 1040 2232 natura,
1075 2174 1290 2233 quasdam
1334 2190 1355 2216 e
1400 2173 1531 2217 rebus
1566 2174 1657 2216 suis

244 2248 340 2289 Deo
375 2248 418 2290 in
454 2247 681 2304 religionis
717 2246 860 2289 officia
909 2245 1095 2289 dicandi.
1131 2246 1223 2299 Qui
1257 2245 1334 2288 has
1367 2260 1434 2287 res
1483 2243 1659 2301 expilet‚

311 2441 363 2487 (1)
393 2442 446 2476 Cf.
474 2443 544 2476 vol.
572 2443 612 2476 ΙΙ.
642 2443 732 2477 thes.
761 2443 885 2485 XXX„
915 2443 948 2476 in
978 2455 1046 2489 qua
1073 2444 1116 2477 de
1145 2444 1219 2477 iure
1250 2443 1395 2476 testandi
1422 2442 1586 2476 diximus.
