1705 2787
653 107 704 119 ζ’·
740 95 822 144 395
861 113 912 119 ’-

161 193 253 237 Hac
286 206 435 237 tamen
471 196 515 238 in
540 211 584 238 re
609 196 810 253 princeps
836 196 974 238 civilis
1000 207 1220 252 praestare
1248 193 1388 238 multa
1415 209 1490 252 po-

72 278 155 308 test
189 279 322 323 atque
356 268 488 309 etiam
524 267 665 310 debet.
694 286 713 307 ‹<
751 268 794 309 Si
840 266 1019 325 quando
1055 266 1144 317 liat,
1179 280 1225 309 ut
1261 268 1490 324 quippiam

72 336 306 378 turbarum
342 337 594 393 impendeat
630 337 685 379 ob
720 339 1018 379 secessionem
1054 336 1282 393 opificum,
1318 350 1392 379 aut
1427 338 1492 379 in-

71 409 298 449 termissas
343 422 393 450 ex
428 409 681 465 composito
726 423 905 465 operas:
952 420 998 450 ut
1034 408 1251 450 naturalia
1302 407 1491 449 familiae

73 494 181 520 nexa
207 477 321 534 apud
347 479 610 534 proletarios
637 479 911 522 relaxentur:
940 492 985 521 ut
1011 479 1166 535 religio
1191 481 1234 521 in
1256 478 1491 535 opificibus

71 549 278 600 violetur,
316 564 406 592 non
443 551 546 592 satis
582 549 881 607 impertiendo
906 550 1133 592 commodi
1157 550 1209 593 ad
1235 549 1376 592 officia
1402 551 1490 606 pie-

70 621 195 663 tatis:
221 620 256 662 si
280 620 530 677 periculum
557 623 600 664 in
625 620 813 664 officinis
835 622 1079 678 integritati
1105 636 1285 664 morum
1314 622 1491 677 ingruat

69 708 91 734 a
124 707 229 734 sexu
266 693 525 748 promiscuo
560 679 710 735 aliisi'e
746 693 1006 750 perniciosis
1044 694 1349 735 invitamentis
1392 707 1489 749 pec-

71 764 177 806 cati:
213 775 288 806 aut
323 762 537 820 opificum
574 764 776 807 ordinem
814 764 961 806 herilis
997 764 1107 807 ordo
1132 765 1295 822 iniquis
1322 776 1491 821 premat

70 833 283 877 oneribus
317 835 385 878 vel
418 835 572 878 alienis
607 851 628 878 a
654 852 838 893 persona
865 852 910 878 ac
937 836 1151 892 dignitate
1173 836 1367 878 humana
1388 851 1491 878 con—

70 905 315 949 ditionibus
335 906 521 963 affligat:
543 908 578 949 si
596 908 841 950 valetudini
862 921 1073 951 noceatur
1094 924 1225 965 opere
1245 907 1490 950 immodico

69 995 148 1021 nec
183 979 235 1022 ad
270 994 425 1022 sexum
469 992 712 1022 aetatemve
763 979 1118 1034 accommodato,
1166 979 1231 1021 liis
1268 981 1309 1022 in
1346 980 1489 1021 causis

71 1051 198 1107 plane
231 1050 495 1103 adhibenda,
539 1064 682 1095 certos
718 1053 831 1094 intra
884 1050 1009 1105 lines,
1046 1053 1108 1093 vis
1158 1064 1199 1094 et
1249 1052 1489 1094 auctoritas

71 1122 236 1178 legum.
273 1123 402 1175 Quos
437 1121 546 1165 fines
584 1122 754 1177 eadem,
804 1138 914 1180 quae
965 1122 1115 1177 legum
1166 1126 1308 1180 poscit
1343 1137 1489 1179 opem,

70 1209 222 1237 caussa
256 1193 546 1237 determinat:
583 1194 800 1249 videlicet,
837 1210 925 1237 non
962 1195 1086 1251 plura
1121 1195 1400 1252 suscipienda
1436 1195 1490 1237 le-

69 1265 213 1322 gibuS‚
247 1281 327 1308 nec
363 1265 476 1308 ultra
511 1266 907 1323 progrediendum,
932 1282 1062 1324 quam
1092 1266 1489 1309 incommodorum

71 1338 261 1391 sanatio,
296 1337 365 1379 vel
400 1337 601 1394 perieuli,
636 1336 840 1394 depulsio
875 1339 1085 1394 requirat.
1111 1356 1128 1376 »
1165 1338 1252 1395 (Ι).

157 1408 265 1450 Aliis
300 1420 450 1450 autern
485 1409 677 1463 omissis,
712 1424 758 1450 ea
794 1407 977 1450 subdam
1016 1424 1123 1465 quae
1163 1408 1310 1451 salarii
1335 1424 1490 1465 quaes-

68 1480 238 1521 tionem
263 1480 505 1536 respiciunt
529 1478 625 1537 (2):
654 1496 673 1518 α
696 1479 849 1521 Salarii
875 1478 1084 1522 delinitur
1110 1479 1246 1522 libero
1268 1495 1487 1522 consensu

67 1549 252 1593 modus:
286 1551 434 1608 itaque
469 1549 678 1593 dominus
726 1552 801 1605 rei,
836 1563 957 1607 pacta
994 1550 1195 1594 mercede
1245 1551 1489 1609 persoluta,

66 1622 318 1666 liberavisse
353 1620 499 1675 fidem7
535 1637 614 1664 nec
648 1621 762 1664 ultra
796 1621 954 1664 debere
990 1621 1236 1679 quidquam
1272 1622 1487 1666 videatur.

68 1693 199 1736 Tunc
234 1692 382 1735 solum
417 1691 512 1735 fieri
546 1693 725 1747 iniuste,
761 1693 795 1734 si
830 1692 897 1735 vel
932 1694 1125 1749 pretium
1171 1691 1383 1735 dominus
1420 1709 1489 1735 so-

68 1764 222 1815 lidum,
254 1765 320 1807 vel
356 1763 570 1820 obligatas
606 1763 760 1806 artifex
797 1778 949 1820 operas
999 1763 1179 1806 reddere
1214 1777 1328 1806 totas
1365 1780 1489 1807 recu-

68 1849 204 1880 saret:
240 1836 307 1879 his
342 1838 507 1879 caussis
543 1849 715 1879 rectum
750 1852 844 1878 esse
879 1848 1147 1893 potestatem
1172 1837 1398 1893 politicam
1424 1838 1489 1880 in—

68 1908 307 1964 tercedere,
342 1921 391 1952 ut
424 1924 556 1952 suum
591 1910 751 1966 cuique
787 1909 853 1950 ius
904 1908 1129 1950 incolume
1164 1910 1233 1963 sit,
1269 1908 1342 1951 sed
1369 1924 1489 1966 prae-

68 1992 185 2022 terea
219 1979 367 2023 nullis,
394 2006 446 2011 -
472 1980 557 2023 Cui
582 1980 961 2036 argumentationi
981 1994 1147 2037 aequus
1183 1995 1332 2022 rerum
1357 1979 1490 2022 iudex

70 2066 159 2094 non
195 2050 332 2107 facile,
366 2067 510 2110 neque
545 2053 589 2094 in
625 2065 773 2094 totum
823 2052 1103 2107 assentiatur,
1153 2053 1255 2108 quia
1300 2067 1389 2093 non
1425 2064 1490 2094 est

69 2122 269 2166 absoluta
305 2123 515 2166 omnibus
551 2123 773 2181 partibus:
826 2135 1113 2166 momentum
1163 2122 1389 2181 quoddam
1425 2139 1490 2166 ra-

70 2196 206 2238 tionis
242 2194 363 2239 abest
408 2197 591 2239 maximi
641 2195 864 2253 ponderis.
902 2197 996 2238 Hoc
1048 2208 1111 2237 est
1146 2196 1266 2238 enim
1301 2196 1489 2253 operari,

141 2345 197 2389 (ι)
224 2344 322 2380 Haec
351 2346 471 2381 iuvant
508 2346 550 2381 ad
579 2358 621 2381 ea
660 2346 880 2384 illustranda.
921 2358 1011 2392 quae
1053 2347 1206 2381 diximus
1234 2346 1302 2381 hoc
1332 2346 1400 2380 vol.
1431 2346 1489 2381 111.

71 2402 163 2439 thes.
190 2404 367 2439 LXXXV.

141 2464 197 2509 (2)
224 2465 292 2499 Per
318 2465 407 2500 haec
437 2464 655 2500 illustriutur
677 2478 727 2504 ea,
749 2477 839 2511 quae
861 2467 1014 2501 diximus
1034 2467 1101 2501 hoc
1125 2466 1489 2502 v‹,l.111.thes.1⁴111.
