1705 2787
674 74 935 137 *139d

92 185 214 245 prior
247 185 465 244 generalis
500 187 586 231 huc
621 189 747 234 redit:
783 178 1009 233 undenam
1058 188 1223 233 factum
1274 186 1345 245 sit,
1385 200 1435 232 ut
1469 184 1515 231 in

92 258 291 302 humano
324 273 487 315 genere
520 261 714 304 extiterit
748 273 790 304 et
825 261 981 304 existat
1017 259 1122 303 haec
1158 275 1366 318 suprema
1390 271 1514 316 pote-

89 340 153 372 tas
178 343 254 371 seu
280 327 364 371 hoc
388 329 457 371 ius
476 344 740 386 supremum
763 330 945 388 regendi
966 330 1152 373 civiliter
1176 329 1513 388 rempublicam,

89 415 165 443 seu
201 412 248 443 ut
281 401 326 443 in
360 399 560 444 humano
594 417 757 458 genere
792 403 1022 445 extiterint
1055 417 1230 459 semper
1254 415 1297 445 et
1321 403 1512 445 existant

87 471 286 527 supremi
334 483 527 513 rectores
577 484 619 514 et
654 473 876 530 principes
921 473 1084 516 civiles,
1120 473 1340 526 Quaestio
1373 472 1511 515 altera

87 541 364 598 particularis
400 554 465 585 est
499 542 628 586 haec:
670 558 889 600 quaenam
925 545 979 587 sit
1015 559 1158 600 causa,
1192 559 1304 602 quae
1338 544 1510 601 praedi-

87 624 203 657 ctam
237 624 506 670 potestatem
540 628 616 656 seu
651 615 719 656 ius
754 616 945 658 actuavit
979 616 1022 657 in
1059 615 1142 657 hoc
1166 615 1420 672 particulari
1437 631 1509 658 su-

86 682 244 741 biecto,
277 685 427 742 potius
462 699 596 743 quam
630 685 674 727 in
709 685 800 742 illo,
826 701 861 728 e.
887 702 926 743 g.
952 687 996 728 in
1021 687 1153 729 Petro
1188 687 1337 744 potius
1373 702 1507 744 quarn

82 755 127 797 in
160 755 314 811 Paulo,
349 754 432 798 sub
466 755 546 798 hac
580 755 876 799 determinata
910 756 1063 813 ferma,
1090 759 1240 815 potius
1266 773 1399 815 quam
1425 756 1507 800 sub

82 825 169 883 illa,
204 842 239 870 e.
274 843 315 884 g.
352 827 636 870 monarchica
671 829 821 885 potius
857 844 993 886 quam
1028 830 1357 873 aristocratica?

664 1057 815 1086 THESIS
851 1058 935 1087 LIX.

78 1185 269 1230 Politicns
297 1187 572 1244 principatus,
606 1186 643 1228 si
675 1186 897 1229 secundnm
932 1201 972 1228 se
1006 1195 1036 1228 el
1072 1188 1111 1229 in
1145 1201 1288 1243 genere
1317 1186 1499 1230 conside-

194 1265 321 1309 retur,
358 1265 413 1299 est
445 1255 672 1299 immediate
704 1255 754 1298 ab
790 1257 874 1313 ipso
909 1257 995 1299 Deo
1031 1265 1201 1299 naturae
1234 1265 1395 1299 auctore
1427 1272 1499 1299 vo-

193 1326 286 1370 litas
319 1335 351 1369 et
383 1328 605 1378 institutus,
643 1326 805 1384 eiusque
837 1326 983 1369 divina
1007 1326 1189 1369 naturali
1221 1325 1301 1383 lege
1334 1328 1482 1370 existit.

168 1486 262 1528 159.
297 1472 672 1515 DEMONSTRAHO.
700 1470 765 1514 Ad
789 1469 1014 1527 generalem
1040 1470 1092 1513 de
1117 1471 1289 1527 origine
1325 1471 1493 1527 politici

74 1545 346 1602 principatus
402 1545 712 1602 quaestionem
748 1542 1006 1586 solvendam
1044 1542 1120 1585 hac
1157 1544 1199 1584 in
1235 1542 1349 1584 thesi
1376 1558 1493 1585 acce-

72 1615 234 1673 dimus,
269 1618 597 1674 statuimusque
633 1631 751 1672 eum,
771 1617 805 1657 si
833 1617 1018 1673 praecise
1044 1627 1217 1658 tantum
1238 1628 1278 1657 et
1298 1615 1493 1658 abstracte

71 1701 311 1746 spectetur,
345 1703 439 1731 esse
474 1687 730 1731 immediate
764 1687 816 1730 ab
842 1688 937 1744 ipso
963 1687 1059 1729 Deo
1089 1699 1272 1729 naturae
1297 1699 1493 1744 auctore,

70 1762 253 1819 eiusque
288 1760 437 1804 divina
471 1760 663 1803 naturali
696 1759 792 1816 lege
828 1760 1030 1801 existere.

159 1832 190 1874 Ι.
226 1832 559 1888 Argumentum
594 1831 882 1888 praecipuum
902 1828 1076 1871 duobus
1097 1830 1305 1872 innititur
1329 1831 1490 1887 princi—

69 1903 165 1959 piis,
199 1903 286 1945 iam
322 1903 365 1944 in
401 1900 707 1959 superioribus
743 1899 941 1942 thesibus
967 1901 1253 1956 praestitutis:
1286 1901 1487 1943 Primum

62 2101 127 2136 hac
156 2101 288 2148 lingua,
316 2103 351 2136 in
378 2101 435 2136 illa
463 2114 549 2136 vero
578 2102 644 2136 alia
673 2103 819 2146 regione
849 2102 969 2147 linguai
997 2101 1055 2136 illa
1083 2101 1150 2136 alia
1180 2111 1334 2136 utantur.
1364 2102 1479 2135 Priori

64 2163 265 2208 quaestioni
293 2174 402 2196 nemo
429 2175 501 2197 non
530 2164 735 2207 respondet,
764 2164 796 2196 id
825 2164 907 2196 oriri
937 2163 1143 2197 immediate
1173 2164 1214 2197 ab
1242 2163 1317 2208 ipsa
1344 2172 1482 2197 natura.

63 2220 119 2254 Ad
146 2221 294 2256 alteram
323 2234 409 2256 vero
437 2222 649 2256 solvendam
678 2222 928 2266 quaestionem
950 2221 1240 2266 respondendum
1261 2222 1336 2263 erit,
1357 2222 1389 2255 id
1412 2233 1484 2254 non

62 2281 218 2324 pendere
246 2282 454 2316 immediate
483 2282 524 2315 ab
552 2283 626 2326 ipsa
655 2290 779 2316 natura
807 2281 927 2323 (secus
945 2282 1038 2314 enim
1059 2281 1152 2315 nulla
1173 2282 1263 2316 soret
1284 2282 1484 2322 diversitas,

62 2339 123 2372 sed
151 2350 278 2373 omnes
306 2340 435 2385 ubique
463 2340 591 2374 eadem
612 2340 730 2385 lingua
752 2348 943 2379 uterentur,
973 2351 1054 2373 cum
1082 2349 1207 2374 natura
1236 2340 1279 2374 sit
1307 2341 1340 2373 in
1369 2341 1481 2374 omni—

59 2396 124 2431 bus
150 2398 280 2444 ubique
309 2399 464 2443 eadem),
492 2400 553 2433 sed
583 2399 624 2433 ab
653 2398 770 2443 aliquo
800 2397 892 2433 facto
910 2398 1083 2432 historico
1111 2398 1166 2432 vel
1195 2399 1482 2445 ethnographico

59 2455 268 2491 immediate
296 2458 512 2502 dependere.
