1705 2787
208 142 284 200 illi,
312 162 332 184 »
370 158 564 202 eumque
603 159 740 187 «non
774 160 903 202 posse
936 144 1008 188 illa
1047 157 1264 202 potestate
1312 146 1489 204 privari,
1519 147 1623 205 quia

205 231 360 258 verum
397 216 515 258 illius
538 214 791 259 dominium
817 217 1066 274 acquisivit,
1083 234 1102 257 »
1130 232 1177 260 ac
1201 216 1380 261 tandem
1404 232 1505 261 vere
1528 231 1622 261 esse

206 289 462 331 ministrum
495 288 593 343 Dei,
627 288 728 345 quia
783 303 851 331 «a
886 289 983 331 Deo
1018 287 1148 332 habet
1195 301 1476 347 potestatem,
1519 288 1620 334 licet

205 359 425 402 mediante
459 358 641 415 populo.
668 376 688 399 »

325 430 403 487 5.¹’)
438 428 576 483 Quod
610 429 789 474 tandem
819 432 977 474 attinet
1010 430 1063 475 ad
1098 432 1326 490 principia,
1359 431 1521 490 quibus
1555 448 1621 476 re-

204 503 457 545 centiorum
491 500 663 544 theoria
697 502 921 559 innititur,
956 518 1003 545 ea
1027 515 1194 546 veteres
1218 503 1290 547 vel
1313 517 1498 561 prorsus
1521 505 1619 547 reii-

203 571 390 628 ciebant,
423 572 490 615 vel
523 573 568 614 in
593 572 677 615 alio
702 574 890 615 omnino
915 588 1047 616 sensu
1072 572 1378 617 admittebant.
1404 600 1456 605 —
1481 573 1620 627 Quod

204 645 340 687 homo
375 644 634 687 naturaliter
667 644 723 686 sit
757 659 834 686 ens
869 643 951 686 sibi
985 643 1223 701 sufficiens,
1257 644 1300 688 id
1334 657 1502 688 veteres
1522 646 1620 688 reii-

202 715 399 759 ciebant:
435 714 715 758 affirmabant
749 716 868 758 enim
918 731 1021 758 cum
1065 716 1227 759 Seneca
1276 716 1364 775 (Ι),
1413 728 1619 760 naturam

203 787 375 830 homini
413 785 566 830 «duas
601 802 668 829 res
704 786 889 841 dedisse,
925 802 1037 845 quae
1072 787 1198 830 illum
1232 786 1496 844 obnoxium,
1514 788 1619 831 vali—

201 857 439 901 dissimum
460 855 642 913 faciunt,
667 858 864 900 rationem
888 869 929 900 et
947 858 1182 900 societatem.
1202 874 1223 898 »
1239 858 1446 901 —Porro
1470 873 1522 901 ex
1544 873 1619 900 na-

202 929 333 973 turali
367 944 452 986 qua
487 928 626 972 homo
660 929 796 986 pollet
830 929 1029 972 libertate
1065 929 1190 973 nullo
1214 928 1350 973 modo
1373 928 1619 974 inferebant

203 1000 259 1057 id,
307 1000 428 1059 quod
475 1001 743 1044 recentiores
793 1001 1024 1058 colligunt,
1070 1016 1229 1058 nempe
1275 1001 1617 1058 repugnantiam

201 1073 324 1129 legis',
359 1088 380 1114 a
415 1089 501 1130 qua
534 1071 672 1114 homo
706 1072 750 1115 in
801 1088 883 1115 usu
918 1088 1020 1115 suae
1069 1071 1283 1115 libertatis
1327 1071 1543 1129 dirigatur
1577 1084 1618 1115 et

203 1144 429 1187 moraliter
464 1144 639 1200 ligetur.
674 1144 738 1186 En
774 1142 974 1186 doctrina
1011 1143 1263 1186 Bellarmini
1298 1142 1395 1201 (2):
1437 1160 1456 1182 «
1499 1143 1615 1186 Cum

204 1214 378 1257 libertas
413 1214 626 1256 consistat
660 1215 703 1256 in
739 1230 805 1269 eo,
840 1226 890 1256 ut
923 1214 1149 1270 possimus
1185 1213 1346 1269 eligere
1381 1211 1552 1255 bonum
1576 1226 1617 1255 et

204 1287 381 1328 reiicere
415 1284 602 1340 malum,
652 1283 939 1327 manifestum
973 1296 1052 1338 est⁷
1101 1284 1245 1341 legem
1294 1299 1386 1326 non
1419 1299 1617 1341 pugnare

202 1372 305 1399 cum
340 1355 569 1399 libertate:
606 1371 697 1398 non
732 1356 851 1397 enim
887 1354 1086 1412 impedit,
1121 1355 1367 1412 quominus
1391 1355 1616 1412 possimus

202 1429 362 1486 eligere
398 1427 566 1471 bonum
601 1439 644 1470 et
687 1428 866 1470 reiicere
912 1427 1097 1483 malum>
1145 1425 1220 1469 sed
1263 1438 1418 1469 contra
1467 1427 1616 1483 potius

203 1502 350 1544 iuvat:
385 1515 489 1542 nam
523 1497 700 1556 praebet
734 1498 967 1541 materiam
1002 1496 1267 1540 exercendae
1291 1495 1615 1540 libertatis.»—

203 1571 420 1613 Homines
445 1581 594 1612 autem
619 1584 711 1610 esse
736 1568 996 1611 naturaliter
1020 1566 1383 1625 independentes‚
1407 1582 1460 1610 eo
1483 1582 1614 1610 sensu

201 1654 369 1685 veteres
404 1639 712 1695 admittebant,
756 1638 876 1697 quod
911 1653 1067 1681 omnes
1113 1639 1252 1681 simus
1287 1653 1425 1696 aeque
1458 1639 1615 1681 imme-

202 1712 316 1756 diate
351 1711 543 1755 ordinati
575 1710 627 1754 ad
670 1712 819 1754 Deum
843 1722 1074 1767 tamquam
1098 1708 1236 1752 finem
1261 1710 1498 1752 ultimum:
1523 1724 1615 1764 non

201 1799 305 1827 vero
341 1783 424 1826 hoc
457 1783 542 1826 alio
576 1798 724 1837 sensu,
769 1797 859 1840 quo
893 1797 915 1824 a
964 1780 1284 1824 recentioribus
1334 1781 1614 1837 intelligitur,

201 1855 321 1914 quod
354 1871 446 1899 non
480 1857 622 1898 simus
656 1853 859 1910 subiecti,
894 1854 1035 1896 immo
1059 1868 1113 1896 ne
1137 1851 1406 1896 subiicibiles
1431 1851 1613 1910 quidem

201 1927 453 1970 auctoritati
486 1926 722 1982 humanae,
747 1941 766 1967 a
793 1941 878 1983 qua
902 1926 943 1968 in
972 1924 1107 1967 finem
1131 1923 1519 1981 dirigamur.-De
1537 1924 1613 1967 illo

202 1997 378 2041 tandem
424 1998 654 2055 principio,
705 1996 910 2039 homines
960 2010 1053 2038 esse
1102 2007 1259 2038 natura
1307 1994 1525 2052 aequales,
1559 2010 1611 2037 en

201 2069 331 2113 verba
362 2070 617 2113 Bellarmini
651 2068 747 2128 (3):
785 2086 806 2109 «
833 2084 923 2110 non
957 2078 1062 2110 sunt
1085 2067 1287 2124 aequales
1313 2067 1525 2124 sapientia
1546 2066 1612 2109 vel

271 2303 322 2347 (Ι)
350 2304 406 2337 De
432 2302 547 2337 benef.
576 2302 597 2337 l.
624 2303 684 2337 IV.
711 2315 739 2337 c.
770 2301 823 2337 18.
876 2277 881 2281 -

271 2362 327 2407 (2)
354 2363 410 2396 De
437 2363 552 2396 Laicis
579 2362 599 2396 ἲ..
630 2363 688 2396 ΙΙΙ.
716 2375 745 2396 c.
776 2373 827 2396 io.

272 2422 327 2466 (ξ)
356 2422 441 2455 ibid.
469 2433 497 2456 c.
527 2433 544 2466 7
