1705 2787
765 60 995 114 —53—

253 177 346 207 121.
380 164 610 208 SCHOLION
641 179 683 209 11.
718 165 903 217 Quaeres
935 164 1104 209 tandem
1135 165 1186 209 de
1221 165 1457 209 discrimine
1490 168 1599 210 inter

156 233 358 278 Hobbesii
388 237 635 278 sententiam
669 248 708 279 et
739 236 983 280 Rousseavii
1009 236 1229 283 theoriam.

245 307 292 350 In
324 322 375 349 eo
409 308 674 361 conveniunt,
709 307 823 364 quod
856 320 1022 365 negent,
1056 309 1098 351 in
1130 308 1315 351 hominis
1338 320 1483 352 natura
1506 325 1597 352 esse

155 378 468 422 inclinationem
500 394 570 420 seu
603 378 878 435 aptitudinem
910 379 961 422 ad
993 381 1124 422 vitam
1155 379 1364 423 socialem.
1387 379 1433 424 Id
1456 392 1596 423 autem

156 448 324 493 Hobbes
357 448 520 492 deducit
551 465 602 491 ex
634 465 698 503 eo,
724 449 837 507 quod
874 452 1020 493 sentiat
1063 450 1246 494 hominis
1278 464 1469 494 naturam
1505 467 1595 494 esse

154 521 395 578 simpliciter
427 537 621 577 pravam:
657 523 884 578 propensio
918 534 1059 565 autem
1091 522 1140 566 ad
1165 522 1329 565 civilem
1351 524 1595 566 societatem

154 594 239 636 iam
268 605 373 635 esset
405 591 564 635 bonum
597 592 781 649 aliquod,
817 593 971 650 aliquid
1020 593 1234 637 landabile.
1282 593 1400 638 Idem
1433 594 1594 652 colligit

154 665 369 709 Rousseau
399 681 451 707 ex
484 680 550 714 eo,
586 664 699 721 quod
735 664 950 707 arbitretur
983 665 1202 708 hominem
1234 665 1477 720 solitarium,
1523 667 1593 723 qui

155 748 270 780 extra
301 735 479 779 aliorum
513 736 772 778 consortium
805 737 929 787 vivat,
964 734 1039 778 sibi
1072 735 1121 779 ad
1154 735 1324 778 feliciter
1366 735 1595 780 vivendum

154 807 354 851 sufficere.
391 807 535 859 Quare
568 806 739 850 Hobbes
771 809 910 850 statuit
954 808 1173 850 hominem
1207 824 1293 850 esse
1336 820 1481 850 natura
1521 823 1593 850 sua

155 879 436 931 antisociczlem,
472 878 688 922 Rousseau
721 880 1028 922 avtrasocialam.
1062 879 1166 922 Illud
1200 879 1403 922 recolatur
1434 880 1593 922 Aristo-

153 952 243 995 telis
275 951 446 1003 dictum,
476 950 589 1008 quod
614 952 698 993 iam
720 952 905 1008 superius
929 950 1197 994 adduximus:
1223 951 1357 993 homo
1390 951 1593 994 solitarius

153 1036 268 1068 extra
301 1022 420 1065 civile
453 1024 711 1066 consortium
744 1024 900 1076 vivens,
936 1022 1087 1071 ἅπελιςἼ
1130 1022 1252 1080 idque
1302 1032 1470 1066 initurae
1519 1025 1593 1066 im-

146 1095 277 1154 pulsu,
310 1091 374 1136 Bw}
406 1089 532 1151 ῳίσιν,
568 1106 636 1136 aut
669 1105 729 1137 est
764 1093 974 1152 improbus,
1006 1095 1163 1153 oziksg,
1205 1107 1271 1137 aut
1303 1095 1458 1137 homine
1506 1110 1582 1137 me-

151 1167 241 1218 lior,
273 1163 456 1224 κρείττων
491 1166 515 1211 -k
547 1165 760 1223 ἄνθρωπςς.
794 1166 986 1208 Iamvero
1010 1165 1179 1208 Hobbes
1201 1178 1240 1208 et
1270 1166 1484 1209 Rousseau
1507 1165 1589 1209 hoc

151 1249 336 1280 statuunt
366 1238 640 1294 principium:
674 1236 808 1279 homo
843 1249 903 1279 est
936 1236 1072 1285 ἄπελις
1105 1235 1167 1278 διαὶ
1201 1234 1321 1296 φύσιν.
1357 1236 1463 1280 Illud
1512 1250 1593 1280 sta-

151 1311 228 1352 tuit
260 1308 444 1361 Hobbes,
479 1309 575 1366 quia
607 1309 802 1366 supponit
837 1308 1056 1351 bominem
1097 1325 1182 1351 esse
1232 1309 1469 1351 naturaliter
1512 1309 1583 1350 im-

145 1380 332 1441 probum,
364 1379 657 1423 abhorrentem
705 1380 880 1437 proinde
913 1396 935 1423 a
983 1382 1066 1423 vita
1116 1380 1270 1422 sociali.
1318 1379 1424 1423 Illud
1471 1379 1582 1423 idem

151 1453 290 1495 statuit
322 1451 549 1504 Rousseau,
584 1453 678 1508 quia
710 1453 905 1508 supponit
938 1452 1156 1494 hominem
1189 1468 1275 1494 esse
1321 1450 1471 1509 sibiipsi
1519 1465 1590 1493 mz-

152 1524 333 1567 turaliter
367 1522 618 1579 sufficientem
651 1522 702 1565 ad
734 1525 861 1566 vitam
895 1522 1061 1577 lwcztczsn,
1096 1525 1121 1567 i.
1154 1540 1188 1566 e.
1233 1539 1320 1566 esse
1368 1523 1587 1566 meliorem

151 1610 277 1652 quam
309 1594 444 1637 homo
475 1611 615 1652 reapse
656 1608 730 1638 est.
764 1595 843 1639 Sed
892 1595 1112 1638 homiuem
1158 1608 1404 1652 spectemus,
1457 1594 1588 1652 qualis

149 1666 386 1710 naturaliter
417 1680 489 1721 est,
523 1683 597 1710 nec
630 1668 804 1710 bestiam
837 1683 911 1709 nec
944 1668 1097 1719 Deum,
1131 1683 1310 1724 eumque
1354 1666 1586 1710 videbimus

149 1737 389 1782 sociabilem
422 1739 672 1783 naturaliter.
708 1765 760 1770 —
794 1740 841 1782 In
863 1754 913 1781 eo
937 1740 1102 1795 insuper
1150 1740 1417 1791 conveniunt,
1469 1737 1583 1795 quod

150 1809 372 1863 adstruant,
404 1811 534 1853 vitam
582 1810 779 1853 socialem
827 1827 914 1853 esse
963 1826 1066 1866 opus
1109 1809 1353 1861 humanum,
1405 1808 1586 1865 pendere

149 1897 221 1924 seu
253 1883 462 1938 originem
495 1881 643 1926 ducere
677 1881 725 1924 ab
757 1881 966 1925 arbitraria
998 1881 1221 1924 homiuum
1256 1882 1361 1923 inter
1403 1897 1444 1922 se
1483 1895 1578 1922 con-

148 1953 367 1995 ventione:
401 1953 585 2010 itemque
619 1954 660 1996 in
694 1968 757 2005 eo,
792 1951 905 2009 quod
929 1952 1065 1995 dicant
1103 1951 1300 1994 socialem
1334 1963 1584 2007 potestatem

148 2023 207 2066 nil
228 2023 337 2067 aliud
359 2039 458 2077 esse,
483 2040 609 2082 quam
627 2040 835 2066 summam
856 2025 1019 2076 iurimu,
1043 2022 1189 2080 quibus
1209 2024 1309 2065 socii
1328 2039 1371 2064 se
1389 2022 1581 2079 spoliant,

149 2095 376 2153 quibusque
408 2097 595 2139 instructi
627 2109 774 2149 esseut,
808 2097 839 2138 si
872 2107 986 2138 extra
1018 2097 1259 2138 societatem
1283 2096 1491 2137 vixissent.

238 2168 397 2210 Verum
431 2167 599 2210 Hobbes
622 2167 815 2220 admittit,
836 2166 951 2209 illum
976 2167 1167 2208 omnium
1192 2167 1342 2208 iurium
1366 2165 1580 2209 cumulum

148 2253 218 2281 seu
249 2254 486 2295 supremam
521 2239 631 2281 illam
663 2250 911 2295 potestatem
933 2253 1020 2280 non
1044 2252 1284 2294 permanere
1314 2237 1582 2280 essentialiter

148 2321 188 2351 et
221 2308 493 2353 immobiliter
526 2311 566 2352 in
597 2322 684 2352 tota
717 2309 1028 2361 connnuuitate,
1052 2307 1122 2352 sed
1145 2324 1264 2366 posse
1289 2310 1330 2351 in
1354 2324 1401 2351 ea
1433 2310 1578 2360 inesse,

148 2391 269 2437 atque
302 2382 345 2424 in
376 2381 462 2424 aliis
493 2383 619 2424 etiam
650 2381 853 2433 subiectis,
879 2396 916 2421 v.
942 2396 982 2437 g.
1009 2381 1049 2422 in
1072 2395 1156 2422 uno
1180 2379 1365 2432 homine,
1390 2379 1582 2424 residere.

147 2450 242 2494 Hoc
274 2463 412 2494 autem
443 2465 569 2509 negat
601 2452 826 2495 Rousseau.
861 2451 1035 2494 Summa
1066 2462 1260 2508 potestas,
1295 2452 1378 2508 ipse
1411 2452 1479 2504 ait,
1523 2462 1582 2493 est
