1705 2787
211 190 467 249 praesertim
504 188 559 233 ob
584 190 779 248 inopiam
807 206 882 233 seu
908 189 1128 234 defectum
1158 206 1246 249 quo
1272 189 1472 234 laborant
1495 204 1624 248 pecu-

209 263 320 318 niae,
354 273 581 319 nequeunt
617 276 683 303 res
718 260 769 304 ad
806 262 942 304 vitam
978 263 1242 304 necessarias
1282 274 1513 319 ceteraque
1548 260 1624 304 do-

210 335 415 376 mesticae
451 334 562 375 vitae
600 331 713 375 bona
748 348 822 389 per
857 334 1025 390 seipsos
1061 332 1290 377 obtinere:
1327 335 1491 391 quique
1526 348 1625 390 pro-

208 404 308 448 inde
344 404 421 446 hac
457 405 546 461 ipsa
581 418 657 446 sua
692 416 810 446 sorte
861 403 1151 459 inducuntur,
1186 417 1233 448 ut
1268 405 1395 448 alicui
1430 403 1620 447 familiae

208 474 486 518 adhaerendo
522 490 569 516 ea
604 475 753 517 omnia
791 474 903 518 bona
938 491 1039 518 cum
1076 477 1310 533 primitivis
1347 476 1463 518 illius
1498 474 1622 517 fami-

209 547 288 590 liae
338 544 550 587 membris
598 545 874 602 participent.
932 547 1077 589 Huius
1123 546 1308 604 duplicis
1355 545 1623 602 indigentiae

208 618 385 661 effectus
421 616 631 658 naturalis
667 629 730 659 est
765 618 952 660 societar.
977 618 1140 661 herilis:
1162 634 1264 661 cum
1288 631 1436 661 autem
1463 616 1624 674 duplex

210 690 279 733 illa
314 687 556 745 indigentia
589 689 644 730 sit
679 689 907 745 naturalis,
943 691 1050 732 unio
1085 691 1217 733 etiam
1254 689 1402 732 herilis
1437 686 1619 731 dicenda

208 772 272 803 est
306 759 531 802 naturalis.
565 759 717 816 Itaque
753 760 937 801 societas
974 759 1076 802 haec
1113 759 1262 802 herilis
1297 771 1361 801 est
1410 773 1507 815 pars
1563 758 1627 800 in-

209 831 385 888 tegralis
419 832 641 875 societatis
676 829 943 874 domesticae
969 842 1012 873 et
1046 830 1244 874 naturale
1279 828 1477 873 eiusdem
1504 843 1623 872 com-

210 903 502 960 plementum.

328 973 404 1016 Est
438 974 617 1030 insuper
643 971 847 1029 dignitati
870 984 911 1014 et
935 974 1227 1029 praestantiae
1262 984 1445 1015 naturae³
1472 970 1626 1015 huma-

209 1058 287 1085 nae
322 1043 460 1100 magis
497 1043 780 1085 com-eniens.
820 1070 867 1073 -—
906 1043 985 1084 Per
1021 1057 1114 1084 earm
1150 1043 1269 1084 enim
1306 1041 1368 1089 fit,
1405 1054 1451 1084 ut
1487 1041 1623 1084 homo

207 1113 351 1171 quoad
386 1115 571 1171 ipsamet
605 1114 821 1156 exteriora
857 1114 949 1156 eins
985 1129 1116 1170 opera
1153 1112 1511 1159 01·dinetu1·.non
1540 1114 1624 1156 iam

205 1187 393 1243 amplius
429 1187 472 1228 in
510 1187 675 1228 bonum
712 1186 905 1232 alterius,
956 1185 1029 1228 sed
1075 1186 1119 1227 in
1157 1185 1321 1228 bonum
1370 1200 1625 1235 commune,

207 1256 325 1315 quod
345 1256 488 1300 evadit
512 1256 679 1299 bonum
700 1258 948 1314 proprium,
969 1269 1186 1314 quatenus
1208 1272 1363 1299 omnes
1384 1269 1424 1299 et
1444 1255 1624 1313 singuli,

206 1328 281 1384 qui
316 1326 366 1369 ad
393 1326 498 1369 illud
526 1326 854 1383 procurandum
883 1327 1153 1383 conspirant,
1178 1325 1229 1369 de
1254 1326 1410 1369 eodem
1437 1324 1620 1368 obtento

209 1399 485 1456 participant.
522 1399 673 1451 Quare
709 1397 815 1440 illud
850 1399 982 1440 etiam
1017 1397 1278 1453 excluditur,
1314 1396 1432 1455 quod
1485 1395 1623 1439 videri

210 1482 355 1527 potest
390 1482 570 1513 naturae
606 1469 825 1512 humanae
860 1469 1080 1513 nobilitati
1116 1471 1265 1512 minus
1290 1484 1559 1523 eonsonum,
1594 1469 1620 1510 i.

209 1558 243 1584 e.
280 1541 526 1597 hominem,
561 1542 762 1598 quamvis
797 1541 1111 1584 tantummodo
1145 1540 1289 1599 quoad
1340 1541 1620 1598 operationes

209 1627 324 1667 suas,
359 1610 553 1654 ordinari
588 1611 632 1653 in
669 1610 837 1654 bonum
873 1611 1052 1654 alterius
1087 1610 1173 1670 (1).

299 1682 416 1724 Haec
450 1693 614 1737 tamen,
639 1697 771 1739 quam
797 1681 1125 1739 descripsimus,
1149 1697 1249 1724 vera
1273 1697 1321 1723 ac
1349 1681 1527 1738 propria
1551 1680 1624 1722 he-

212 1753 301 1796 rilis
336 1754 622 1809 consociatio,
658 1768 756 1795 raro
792 1753 978 1796 habetur
1004 1754 1167 1796 nostris
1193 1752 1360 1796 diebus.
1387 1753 1524 1808 Servi,
1549 1752 1624 1809 qui

212 1839 329 1867 nunc
369 1824 413 1866 in
447 1823 631 1867 familias
677 1823 990 1880 admittuntur,
1038 1836 1142 1867 sunt
1177 1825 1325 1881 potius
1361 1823 1486 1866 liberi
1520 1838 1624 1866 con-

212 1894 451 1950 trahentes,
485 1896 561 1952 qui
596 1894 740 1937 locant
775 1910 905 1952 opera
938 1893 1085 1937 suaad
1120 1910 1224 1937 usus
1250 1893 1518 1936 domesticos
1543 1908 1623 1950 pro

213 1963 427 2006 mercede.
462 1965 511 2006 In
545 1980 650 2022 quo,
686 1966 824 2021 magis
860 1980 992 2022 quam
1041 1979 1141 2006 vera
1188 1964 1389 2015 societas,
1439 1962 1623 2006 habetur

211 2045 463 2076 contractus
497 2035 665 2077 servilis
691 2049 791 2077 cum
818 2035 1020 2091 operario
1044 2034 1194 2076 initus.
1222 2034 1350 2075 Hunc
1376 2034 1510 2089 igitur
1536 2048 1623 2075 sei·-

210 2104 342 2146 vilem
362 2118 640 2149 contractum
660 2107 807 2163 potius
828 2104 1123 2163 spectabimus
1144 2106 1186 2147 in
1208 2105 1409 2162 sequenti
1430 2104 1559 2160 thesi,
1579 2105 1622 2147 in

213 2173 366 2231 quade
387 2177 552 2218 mutuis
576 2178 689 2219 inter
715 2176 947 2219 dominum
974 2191 1019 2218 ac
1045 2191 1221 2218 servum
1249 2174 1402 2217 officiis
1427 2191 1623 2232 agemus.

286 2394 341 2439 (1)
370 2394 423 2428 Cf.
452 2407 467 2429 s
512 2395 702 2430 Thonnnn.
736 2407 763 2430 ῐ.
790 2408 822 2442 p.
851 2408 882 2443 q.
910 2395 964 2442 96.
994 2408 1023 2430 ct.
1053 2407 1082 2439 4.
