1709 2762
812 76 1012 117 ,8.-

200 184 238 225 in
272 183 499 239 particulari
532 200 581 226 ex
616 183 691 225 illis
725 182 922 236 coetibus,
945 182 1016 226 sed
1041 183 1233 225 omnibus
1256 194 1349 225 sunt
1376 183 1620 227 indiscrimi-

200 255 328 296 natim
363 270 619 305 coiiumiiies,
663 270 711 296 cx
746 254 791 295 iis
824 269 920 296 sane
955 253 1170 296 clementis
1205 266 1313 296 recte
1336 253 1619 298 definitionem

200 325 402 366 societatis
435 323 713 366 conficiemus.

286 396 372 438 Iam
414 397 577 452 propria
611 396 791 451 coniugii
826 407 923 437 nota
958 395 1056 437 hacc
1088 407 1159 447 est,
1200 408 1241 437 ut
1279 397 1329 438 sit
1370 397 1469 438 unio
1513 395 1618 440 duo-

200 482 303 519 rum,
338 468 455 508 unius
488 482 636 521 nempe
670 466 745 507 viri
779 481 873 507 cum
907 481 987 507 una
1020 465 1212 519 muliere3
1248 465 1349 510 dum
1393 467 1533 509 civitas
1577 479 1615 509 et

198 537 375 580 Ecclesia
407 551 498 580 sunt
532 539 629 579 unio
663 537 939 593 plurimorum
971 536 1194 579 hominum
1225 554 1274 579 ex
1309 539 1456 594 quovis
1503 554 1618 591 sexu,

196 608 433 652 conditione
465 622 586 665 atque
619 620 759 650 astate.
793 607 873 651 Sed
907 609 1164 663 coniugium,
1196 610 1349 662 civitas,
1374 609 1553 652 Ecclesia
1577 611 1615 651 in

198 679 276 721 hoc
310 682 575 733 conveniunt,
610 693 651 721 ut
685 681 763 721 sint
802 679 982 737 plurium
1029 679 1235 721 hominnm
1285 681 1527 723 coniunctio:
1577 692 1616 722 et

196 749 294 793 hasc
327 763 385 793 est
418 753 549 807 prima
580 752 787 793 societatis
819 762 931 792 nota.

254 828 308 869 At
341 844 476 870 rursus
510 827 589 869 hoc
622 840 681 869 est
714 828 911 883 coniugio
946 826 1162 882 peculiare,
1197 839 1240 868 ut
1273 826 1378 880 sinis,
1413 827 1463 870 ad
1490 842 1615 884 quem

195 898 463 942 obtinendum
497 914 584 941 mas
615 910 654 940 et
687 897 839 940 femina
872 899 1080 950 uniuntur,
1114 899 1164 940 sit
1197 910 1287 940 tum
1320 898 1494 941 honesta
1524 913 1617 954 pro-

194 968 240 1010 lis
262 970 475 1025 generatio
497 981 536 1011 et
558 968 759 1021 educatio,
780 981 869 1010 tum
892 980 1086 1010 mutuum
1110 969 1339 1024 coniugum
1361 968 1554 1011 solatium
1576 981 1615 1011 et

192 1039 462 1096 praesidium:
497 1041 650 1082 civitati
681 1055 783 1082 vero
808 1039 888 1081 hoc
912 1051 971 1081 est
993 1040 1222 1096 proprium,
1247 1051 1290 1080 ut
1313 1039 1483 1092 bonum,
1503 1041 1614 1082 cuius

192 1112 322 1165 gratia
354 1112 461 1153 cix-es—
495 1112 535 1152 iu
577 1126 707 1152 unuin
740 1123 900 1159 coeunt,
934 1111 985 1152 sit
1016 1122 1176 1152 terrena
1209 1111 1342 1166 quies'
1364 1126 1409 1152 ac
1451 1125 1616 1167 prospe-

192 1182 309 1236 ritas3
344 1184 383 1224 in
417 1182 650 1224 Christiana
682 1181 851 1224 demum
884 1181 1063 1223 Ecclesia
1086 1181 1166 1223 hoc
1191 1193 1249 1223 est
1274 1182 1449 1223 omnino
1472 1183 1615 1238 singu-

189 1252 284 1305 lare,
319 1266 360 1295 ut
394 1252 498 1305 linis,
532 1255 595 1295 cui
629 1252 856 1296 obtinendo
892 1252 1030 1296 fideles
1055 1253 1379 1308 coniunguntur,
1404 1254 1454 1295 sit
1476 1265 1611 1295 sancta

189 1325 271 1366 vita
303 1340 347 1367 ac
381 1341 451 1380 per
481 1341 573 1367 eam
606 1324 791 1366 coelestis
825 1336 1097 1381 aeternaeque
1132 1324 1334 1366 felicitatis
1367 1324 1482 1366 beata
1513 1339 1614 1366 asse—

190 1397 313 1439 cutio.
338 1397 431 1439 Hoc
454 1409 591 1439 tamen
623 1409 683 1439 cst
707 1412 929 1438 commune
965 1397 1176 1453 coniugio,
1202 1397 1366 1449 civitati,
1396 1395 1610 1448 Ecclesiae,

189 1467 300 1524 quod
334 1470 431 1510 socii
472 1469 707 1524 conspirent
755 1484 824 1510 seu
872 1469 1058 1524 proprias
1106 1469 1361 1524 coniungant
1408 1469 1513 1510 vires
1561 1466 1610 1510 ad

188 1552 457 1581 communem
489 1541 827 1581 consecutionem
861 1539 959 1581 boni
992 1539 1040 1582 ab
1075 1538 1269 1581 omnibus
1293 1540 1452 1596 cogniti
1474 1551 1513 1581 et
1535 1554 1613 1581 vo-

186 1609 258 1663 liti,
292 1610 340 1653 de
374 1626 457 1666 quo
491 1611 661 1652 obtento
696 1626 841 1652 omnes
879 1611 1192 1666 proportionate
1219 1611 1473 1666 participent.
1498 1610 1609 1652 Haec

186 1696 288 1737 ergo
321 1695 379 1724 est
411 1683 486 1724 alia
518 1684 722 1725 societatis
755 1695 866 1733 nota,
899 1699 1026 1739 eaque
1058 1682 1241 1726 eiusdem
1273 1683 1445 1725 essentia
1478 1697 1523 1724 ac
1545 1681 1609 1725 de-

188 1750 318 1794 linitio
351 1755 444 1795 satis
478 1754 558 1795 iam
592 1765 682 1809 apte
716 1753 1024 1796 determinatur.

280 1838 371 1867 110.
406 1824 643 1867 Scuomox.
678 1824 737 1865 Ex
771 1823 887 1867 dictis
921 1840 978 1877 ea,
1005 1840 1107 1881 quae
1130 1823 1380 1876 subiicimus,
1408 1822 1525 1866 facile
1552 1825 1605 1866 in-

185 1894 431 1950 telligentur.

272 1966 300 2008 I.
335 1966 449 2008 Patet
482 1966 676 2022 inprimi5‚
710 1980 911 2021 quaenam
943 1967 993 2007 sit
1027 1965 1175 2007 utililas
1208 1966 1412 2006 societatis
1446 1980 1517 2006 seu
1550 1980 1607 2006 as-

184 2037 432 2078 sociationis.
469 2061 520 2065 —
554 2036 714 2077 Dantur
746 2035 855 2077 bona
877 2035 1018 2088 multa,
1053 2051 1154 2092 quae
1184 2035 1346 2077 homini
1372 2032 1465 2076 sunt
1488 2033 1606 2076 valde

185 2120 430 2163 opportuna,
463 2108 581 2163 eique
604 2108 727 2148 etiam
750 2108 987 2159 necessaria,
1007 2122 1192 2163 quaeque
1215 2118 1354 2148 tamen
1376 2105 1509 2148 homo
1532 2104 1605 2147 sibi

183 2177 346 2220 relictus
378 2178 518 2233 nequit
550 2178 810 2219 convenienti
843 2179 883 2219 in
914 2177 1046 2233 gradu
1079 2176 1278 2229 obtinere,
1318 2188 1439 2233 atque
1480 2177 1603 2218 etiam

183 2249 297 2291 nullo
330 2264 494 2305 prorsus
526 2260 646 2303 pacto
680 2250 837 2305 assequi
860 2260 1008 2305 potest.
1046 2247 1235 2304 Exempli
1262 2249 1405 2303 gratia,
1445 2245 1604 2289 bonum

182 2332 239 2361 est
280 2320 471 2360 securitas
514 2317 560 2360 ab
594 2319 768 2360 iniuriis:
805 2319 909 2361 hanc
942 2331 1079 2361 autem
1110 2320 1371 2360 securitatem
1408 2318 1602 2359 homines

182 2388 351 2432 solitarii
392 2390 550 2446 assequi
592 2404 679 2431 non
710 2403 894 2445 possunt.
927 2390 1033 2432 Item
1065 2388 1223 2432 bonum
1254 2401 1313 2431 est
1354 2389 1602 2445 prosperitas

182 2476 251 2504 seu
293 2462 410 2518 copia
452 2476 602 2513 rerum,
646 2475 749 2516 quae
794 2472 887 2502 sunt
919 2459 969 2503 ad
1003 2461 1109 2503 vitae
1141 2460 1499 2503 conservationem
1535 2473 1603 2500 ne-
