1705 2787
664 92 716 98 c-
752 79 830 122 213
872 92 925 98 ,-

84 172 211 215 nium
245 169 416 215 bonum
450 172 694 215 constituta
727 173 796 215 sit.
833 188 854 212 »
890 169 1109 214 Audiatur
1153 183 1306 213 rursus
1354 166 1506 211 Philo-

81 242 250 300 sophus
284 241 384 301 (1):
420 244 470 286 eH
517 246 589 300 μὲν
618 247 696 301 γαρ
729 245 909 301 τυραννίς
941 246 1025 286 ἐστι
1065 243 1264 300 μοναρχία
1309 244 1410 297 πρὸς
1456 243 1502 284 τὸ

78 316 283 372 συμφέρον
315 318 361 358 τὸ
393 321 465 357 τοῦ
497 322 809 371 μοναρχοῦντος,
842 316 868 371 ἡ
901 313 1153 370 δ’ὀλιγαρχία
1200 315 1299 369 πρὸς
1330 315 1375 354 τὸ
1423 318 1504 355 τῶν

77 390 274 444 εὐπόρων,
307 390 334 445 ἡ
365 389 409 430 δὲ
442 389 693 444 δημοκρατία
725 391 823 444 πρὸς
856 391 900 430 τὸ
926 388 1130 443 συμφέρον
1151 389 1196 429 τὸ
1220 392 1300 428 τῶν
1325 386 1505 441 ἀπόρων·

77 463 176 516 πρὸς
208 462 252 502 δὲ
283 463 328 502 τὸ
360 465 417 514 τῷ
449 465 573 514 κοινῷ
606 460 842 502 λυσιτελοῦν
874 460 1041 514 οὐδεμία
1072 461 1219 501 αὐτῶν.
1276 454 1504 513 Tyrannis

78 529 197 571 enim
221 526 481 570 monarchia
514 538 579 569 est
608 526 660 570 ad
684 528 777 570 eius
802 528 877 585 qui
902 527 1024 570 solus
1048 527 1237 583 imperat
1261 525 1504 569 utilitatem

77 611 302 656 spectans:
330 597 571 655 oligarchia
594 596 645 640 ad
665 597 967 641 commodum
985 598 1198 641 divitum:
1231 596 1503 641 democratia

77 669 128 713 ad
163 671 421 727 egentium:
457 667 723 727 reipublicae
760 669 997 712 utilitatem
1037 668 1158 712 nulla
1182 684 1336 713 earum
1371 667 1503 713 habet

76 739 158 783 sibi
193 741 483 798 propositam.

164 813 319 867 Aiunt,
354 809 672 866 alias-formas,
708 811 968 868 praesertim
1003 826 1106 853 vero
1149 810 1499 868 monarchicam,

76 900 170 927 esse
204 882 469 927 arbitrarias.
508 910 559 914 ——
595 883 700 926 Non
734 894 839 925 sunt
873 881 1127 926 arbitrariae
1161 884 1205 926 in
1226 882 1310 926 hoc
1344 899 1495 940 sensu,

76 955 197 1013 quod
215 956 260 1012 ii,
284 956 362 1013 qui
385 956 429 998 in
465 954 697 1012 praedictis
718 953 872 996 formis
897 953 1169 1011 gubernium
1194 967 1362 1012 tenent,
1390 955 1500 999 nulli

76 1025 223 1068 altiori
259 1025 344 1081 legi
379 1023 688 1067 subiiciantur.
731 1025 806 1066 Est
841 1024 909 1066 lex
942 1023 1089 1067 divina
1128 1025 1359 1081 naturalis,
1385 1041 1496 1084 quae

76 1097 166 1139 suis
200 1096 460 1154 praeceptis,
480 1108 528 1138 ut
562 1094 846 1138 individuum
883 1096 943 1137 sic
979 1096 1110 1138 ctiam
1138 1096 1335 1139 civitates
1362 1098 1498 1154 regit:

76 1180 180 1211 sunt
216 1167 332 1225 leges
367 1168 493 1225 regni
527 1166 897 1222 fundamentales,
933 1166 1097 1224 quibus
1124 1168 1365 1211 monarcha
1389 1185 1500 1227 quo-

74 1255 161 1297 que
195 1237 419 1283 subditur.
455 1240 609 1292 Quare
644 1238 824 1282 effatum
859 1237 984 1294 illud,
1009 1238 1499 1298 qnodprincipiplacnit,

74 1309 171 1367 legis
204 1309 318 1352 hahet
351 1310 551 1367 vigorem,
585 1310 622 1352 si
654 1307 858 1351 absolute
892 1321 933 1351 ct
967 1308 1229 1366 simpliciter
1280 1323 1498 1369 sumatur,

75 1392 143 1423 est
176 1379 339 1423 falsum
373 1378 460 1438 (2).
496 1379 649 1437 Itaque
683 1378 834 1422 nullus
869 1391 1013 1422 rector
1053 1380 1275 1423 societatis
1325 1393 1389 1423 est
1423 1394 1498 1424 aut

75 1467 169 1495 esse
204 1463 349 1509 potest
386 1451 523 1495 exlex.
560 1451 789 1507 Ceterum,
810 1452 845 1493 si
871 1451 1129 1494 monarchia
1152 1464 1194 1495 et
1226 1453 1498 1496 aristocratia

74 1535 220 1566 essent
254 1522 499 1566 censendae
524 1521 794 1578 arbitrariae,
821 1523 912 1579 pari
937 1523 1109 1565 ratione
1135 1522 1382 1581 eodemque
1402 1524 1497 1567 iure

73 1592 157 1637 dici
191 1591 370 1636 deberet
405 1591 634 1635 arbitraria
668 1591 952 1635 democratia.

163 1665 346 1721 Dicunt,
382 1665 496 1707 cives
532 1662 615 1706 sub
650 1663 743 1706 aliis
788 1662 942 1705 formis
978 1662 1200 1720 gubernii,
1236 1666 1494 1721 praesertim

72 1749 176 1778 vero
213 1733 295 1777 sub
322 1734 596 1790 monarchia,
623 1750 715 1776 esse
740 1749 905 1776 servos.
932 1761 983 1765 —
1010 1734 1140 1777 Cives
1168 1736 1211 1777 in
1237 1735 1495 1779 monarchia

73 1818 120 1849 ut
154 1807 198 1849 in
232 1806 327 1849 aliis
362 1804 535 1861 formis,
570 1821 661 1848 non
695 1818 799 1848 sunt
834 1806 963 1861 servi,
1001 1804 1076 1847 scd
1102 1804 1284 1849 subditi.
1311 1805 1378 1849 Ad
1402 1823 1494 1850 rem

74 1877 369 1920 Bellarminus
404 1875 500 1935 (3):
558 1894 578 1917 «
607 1876 764 1920 Diffcrt
800 1876 966 1934 politica,
1016 1874 1235 1919 subiectio
1271 1892 1293 1919 a
1335 1878 1491 1931 servili,

73 1948 192 2006 quod
227 1947 454 1991 subiectus
488 1948 688 1991 serviliter
724 1960 787 1990 cst
822 1960 863 1990 ct
899 1961 1108 2004 operatur
1134 1960 1313 2006 propter
1339 1950 1494 2005 alium,

71 2019 299 2063 subiectus
326 2019 485 2078 politice
520 2032 585 2063 est
619 2032 659 2062 ct
694 2033 902 2077 operatur
939 2031 1118 2076 propter
1152 2035 1211 2075 se,
1250 2035 1403 2063 servus
1430 2037 1494 2064 rc-

73 2092 192 2148 gitur
226 2107 318 2135 non
352 2093 397 2135 in
431 2093 516 2148 sui,
551 2090 625 2134 scd
660 2093 704 2135 in
739 2090 910 2134 domini
946 2092 1015 2133 sui
1052 2091 1362 2149 commodum,
1388 2095 1493 2137 civis

142 2291 198 2336 (1)
226 2292 309 2326 Loc.
337 2303 448 2337 nuper
475 2292 532 2326 cit.

141 2350 197 2394 (2)
226 2349 280 2385 Cf.
307 2349 379 2385 vol.
410 2362 437 2384 1.
465 2362 538 2396 cap.
568 2351 627 2385 IV.
657 2359 720 2385 art.
745 2361 786 2393 1.‚
809 2351 843 2384 in
863 2362 933 2397 quo
954 2349 1162 2385 tradidimus
1183 2359 1217 2386 et
1239 2351 1492 2397 explicavimus

72 2409 325 2445 definitionem
354 2409 455 2456 legis.

141 2470 198 2514 (3)
225 2470 279 2504 De
307 2469 384 2503 laic.
411 2468 431 2503 1.
460 2470 521 2503 ΙΙΙ.
553 2481 580 2504 c.
610 2481 640 2515 7.

1380 2530 1421 2562 14
