1705 2787
798 76 1057 130 ,360-

221 179 281 220 Ex
317 178 397 219 hoc
433 190 579 220 autem
630 176 750 235 quod
794 176 942 220 Iudaei
986 179 1097 221 ritus
1148 193 1253 221 suos
1304 177 1556 234 observant,
1590 179 1636 221 in

218 249 378 307 quibus
405 250 511 291 olim
537 248 919 306 praefigurabatur
943 251 1102 293 veritas
1124 249 1241 306 fidei,
1260 264 1395 308 quam
1417 262 1636 306 tenemus,

221 321 302 363 hoc
339 321 507 363 bonum
544 322 762 378 provenit,
806 321 925 379 quod
974 323 1286 365 testimonium
1321 321 1422 365 fidei
1459 332 1636 364 nostrae

221 392 434 434 habemus
469 391 520 434 ab
556 391 775 449 hostibus,
810 406 851 434 et
886 394 1009 450 quasi
1048 394 1090 435 in
1128 392 1270 449 figura
1304 391 1431 435 nobis
1467 405 1637 449 reprae-

218 476 416 506 sentatur
452 462 570 521 quod
605 463 841 506 credimus.
879 464 932 506 lit
966 463 1064 506 ideo
1100 465 1143 506 in
1195 466 1288 506 suis
1335 462 1491 507 ritibus
1527 462 1637 505 tole-

219 548 384 578 rantur.
421 536 627 578 Aliorum
663 551 768 578 vero
813 534 1061 578 inlidelium
1097 537 1222 592 ritus,
1257 537 1332 593 qui
1382 535 1493 578 nihil
1525 533 1636 578 veri-

218 608 317 649 tatis
343 620 416 649 aut
443 607 645 649 utilitatis
671 607 873 657 afferunt,
895 623 986 649 non
1006 619 1109 649 sunt
1129 607 1378 664 aliqualiter
1402 604 1635 661 tolerandi,

219 679 302 720 nisi
338 677 449 720 sorte
483 678 534 721 ad
569 677 749 735 aliquod
794 678 961 720 malum
998 677 1244 734 vitandum,
1289 678 1454 721 scilicet
1488 677 1539 720 ad
1573 676 1635 719 vi-

217 749 403 793 tandum
438 749 695 793 scandalum
735 750 801 792 vel
836 749 1084 805 dissidium,
1120 749 1238 807 quod
1283 766 1334 793 ex
1369 749 1452 792 hoc
1486 760 1636 807 posset

218 823 465 878 provenire,
500 822 569 864 vel
604 821 978 879 impedimentum
1024 823 1176 864 salutis
1212 836 1387 877 eorum,
1422 822 1497 880 qui
1532 836 1637 879 pau-

217 893 339 934 latim
374 894 432 935 sic
468 893 643 935 tolerati
682 905 1006 935 convertuntur
1055 893 1107 935 ad
1142 892 1289 935 fidem.
1326 893 1511 949 Propter
1547 892 1631 935 hoc

219 965 338 1006 enim
373 965 504 1006 etiam
546 964 873 1006 haereticorum
899 976 940 1006 et
965 979 1242 1021 paganorum
1262 965 1372 1006 ritus
1397 962 1637 1021 aliquando

219 1035 411 1078 Ecclesia
446 1036 665 1092 toleravit,
701 1035 879 1094 quando
915 1048 1007 1078 erat
1041 1051 1202 1092 magna
1235 1034 1483 1078 infidelium
1518 1034 1636 1078 mul-

217 1106 377 1150 titudo.
400 1125 419 1147 »
448 1108 579 1149 Hisce
602 1106 746 1149 verbis
771 1123 803 1149 s.
829 1107 1032 1150 Thomas
1057 1107 1169 1150 clare
1193 1107 1324 1149 solvit
1349 1107 1460 1149 hanc
1480 1121 1635 1164 quaes-

218 1179 403 1221 tionem:
421 1190 573 1221 utrum
588 1191 629 1221 et
644 1178 822 1236 quando
844 1178 1019 1221 libertas
1040 1178 1267 1235 religionis
1292 1178 1471 1221 tolerari
1490 1189 1635 1236 queat.

307 1250 459 1307 Itaque
495 1249 674 1292 libertas
710 1250 854 1292 cultus
888 1249 1067 1292 tolerari
1117 1262 1264 1307 potest
1313 1248 1454 1292 tribus
1489 1250 1533 1291 in
1568 1263 1634 1291 ca-

217 1320 363 1364 sibus:
401 1321 582 1377 scilicet,
618 1348 670 1353 —
706 1321 885 1380 quando
921 1338 971 1364 ex
1005 1322 1239 1365 tolerantia
1265 1333 1465 1378 speratur
1490 1321 1634 1364 maius

219 1390 403 1446 bonum,
424 1418 475 1422 —-
497 1391 674 1449 quando
694 1393 883 1434 evitatur
908 1393 1052 1434 maius
1077 1391 1245 1434 malum
1265 1389 1385 1448 quod
1405 1406 1455 1434 ex
1478 1401 1636 1447 negata

218 1462 453 1505 tolerantia
495 1475 773 1521 sequeretur,
800 1462 1050 1520 --quando
1090 1462 1210 1506 deest
1242 1462 1411 1520 physica
1449 1459 1637 1519 possibi-

219 1535 316 1576 litas
342 1534 613 1591 impediendi
648 1536 930 1577 existentiam
964 1534 1058 1577 falsi
1091 1534 1277 1578 alicuius
1313 1534 1474 1577 cultus.
1509 1534 1635 1576 Duos

217 1604 507 1647 solummodo
542 1606 713 1662 priores
749 1621 890 1660 casuS,
925 1605 1001 1662 qui
1050 1603 1103 1647 ad
1152 1604 1346 1647 moralem
1395 1602 1634 1662 quamdam

216 1675 623 1732 impossibilitatem
650 1676 941 1732 reducuntur,
962 1677 1177 1734 expressit
1201 1693 1234 1719 s.
1261 1676 1485 1720 Thomas:
1513 1675 1636 1718 siluit

216 1746 267 1788 de
301 1748 446 1801 tertio,
482 1748 645 1804 quippe
682 1748 758 1805 qui
793 1759 858 1789 est
893 1748 1025 1789 nimis
1063 1760 1198 1790 notus
1233 1747 1320 1806 (1).

334 1817 379 1875 β)
414 1817 481 1860 Ad
505 1818 728 1860 secundnm
754 1817 874 1875 quod
893 1818 1066 1873 attinet,
1086 1817 1212 1874 plura
1238 1830 1343 1861 sunt
1367 1815 1633 1860 adnotanda.
1680 1809 1685 1813 ¹

217 1889 271 1930 Et
303 1889 522 1945 inprimis,
557 1889 675 1932 aliud
709 1901 773 1931 est
822 1888 1026 1945 tolerare,
1075 1887 1193 1931 aliud
1237 1904 1342 1932 vero
1390 1887 1634 1946 approbare

216 1971 290 2001 aut
324 1958 521 2002 favorem
556 1960 777 2017 praebere.
814 1959 881 2003 Ad
917 1975 1012 2002 rem
1045 1959 1213 2002 faciunt
1246 1959 1379 2003 verba
1412 1976 1445 2002 s.
1480 1960 1635 2016 Augu—

216 2031 321 2072 stini
354 2030 440 2088 (2):
479 2048 497 2070 α
523 2032 671 2075 Nemo
698 2030 816 2089 quod
842 2030 1001 2073 tolerat
1024 2043 1156 2088 amat,
1183 2032 1263 2073 etsi
1288 2031 1478 2073 tolerare
1502 2043 1634 2073 amat.

216 2102 433 2153 Quamvis
469 2103 588 2145 enim
623 2102 811 2160 gaudeat
847 2118 889 2146 se
924 2102 1127 2158 tolerare,
1163 2102 1331 2145 mavult
1365 2113 1515 2146 tamen
1539 2116 1631 2145 non

275 2322 341 2365 (ι)
369 2321 465 2355 llaec
494 2323 695 2365 generatim
723 2322 842 2357 valent
871 2324 914 2357 de
944 2323 1132 2358 tolerantia
1163 2323 1312 2358 actionis
1340 2321 1485 2357 alicuius
1512 2332 1635 2367 pecca-

217 2390 389 2413 nullosne.

288 2445 338 2483 (2)
367 2439 531 2474 Conse-ss.
560 2441 578 2473 1.
610 2442 651 2475 X.
679 2454 708 2476 c.
739 2443 792 2475 28.

1687 2743 1695 2787 a,
1692 2682 1697 2717 u„
1695 2651 1697 2659 ⁴
