1705 2787
781 96 830 106 „-
875 83 1038 131 154..⁴

203 198 308 227 vum
329 183 372 226 in
396 181 521 224 bonis
546 182 652 236 suis,
677 182 765 223 sive
785 183 822 224 ei
842 196 932 224 non
954 180 1155 224 nocendi.
1179 181 1261 223 Sed
1286 181 1464 238 insuper
1482 198 1502 220 «
1520 179 1618 236 hoc,

205 268 252 298 ut
286 255 460 311 egregie
494 253 601 295 dixit
626 253 804 295 Tullius
824 252 911 311 (1),
937 265 1091 295 natura
1116 251 1386 309 praescribit,
1412 264 1459 295 ut
1483 252 1619 295 homo

206 326 393 379 homini,
428 325 662 380 quicumque
686 325 749 373 sit,
777 323 822 366 ob
856 339 941 366 eam
968 326 1095 381 ipsam
1132 339 1297 367 causam
1322 323 1426 380 quod
1449 324 1481 366 is
1505 322 1619 364 homo

206 400 271 449 sil,
308 397 564 439 consultum
600 395 715 437 velit.
754 412 773 434 »
812 395 929 451 Ergo
964 395 1173 438 dominus
1208 410 1309 452 erga
1343 409 1520 437 servum
1559 392 1622 436 of-

206 468 313 511 ficiis
350 469 478 510 etiam
515 467 771 523 affirmati-vis
809 465 1097 508 humanitatis
1132 478 1173 508 et
1210 465 1524 508 beneficentiae
1547 463 1619 507 ad-

189 540 452 593 stringitur,
503 536 570 579 Ab
620 536 686 579 his
721 552 809 579 non
861 538 1070 580 eximitur
1119 552 1218 593 erga
1268 537 1501 579 inimicum
1525 534 1620 594 (2):

206 610 348 653 multo
375 610 521 651 minus
542 624 642 665 erga
667 624 860 651 servum.
885 609 1035 661 Quare
1060 607 1188 651 debet
1208 624 1259 651 ex
1281 608 1407 651 bonis
1432 607 1621 665 propriis

205 681 416 724 auxilium
455 679 566 722 ferre
600 695 741 735 serv0,
776 679 953 737 quando
987 679 1028 723 id
1063 695 1174 737 opus
1209 681 1278 735 sit,
1313 696 1348 723 e.
1373 696 1413 737 g.
1439 681 1532 722 eius
1557 693 1622 720 se-

208 752 374 794 nectuti
409 750 702 806 consulendo,
737 751 830 793 eius
865 750 1114 793 infirmitati
1148 750 1463 795 succurrendo.

328 822 374 880 h)
409 821 521 864 Illud
556 822 686 864 etiam
723 833 855 878 patet,
891 821 1126 864 dominum
1161 836 1241 878 pro
1278 820 1420 878 bonis,
1455 838 1567 880 quae
1602 839 1624 866 a

207 909 335 937 servo
369 894 540 950 accipit,
575 892 732 935 debere
756 894 876 936 iuxta
900 905 1084 935 statutas
1109 892 1388 936 conditiones
1414 909 1489 937 seu
1515 895 1622 938 inita

207 978 329 1022 pacta
363 980 607 1022 congruam
644 963 893 1007 mercedem
929 979 1002 1006 seu
1040 965 1374 1021 proportionata
1411 954 1622 1008 bona-rc-

206 1035 416 1091 tribuere,
451 1037 507 1078 ita
543 1048 590 1078 ut
625 1035 930 1092 compensatio
979 1035 1136 1091 vigeat,
1187 1047 1450 1092 tantumque
1495 1050 1622 1079 servo

206 1107 277 1150 det
310 1120 528 1165 quantum
566 1107 669 1150 boni
694 1122 715 1149 a
749 1122 876 1150 servo
912 1107 1078 1163 recipit.
1117 1105 1252 1159 Quod
1287 1107 1322 1148 si
1357 1107 1462 1149 inita
1498 1119 1621 1165 pacta

207 1194 297 1222 non
320 1191 550 1222 servantur
570 1195 591 1221 a
611 1178 810 1234 domino‚
834 1194 960 1221 servo
986 1179 1052 1220 ius
1078 1179 1290 1235 competit
1324 1194 1368 1221 se
1403 1178 1623 1222 eximendi

205 1265 227 1291 a
261 1250 490 1305 servitute,
525 1264 600 1291 seu
636 1261 915 1292 contractum
951 1247 1242 1291 rescindendi.

296 1321 347 1363 ΙΙ.
383 1321 524 1362 Pauca
559 1335 677 1363 nunc
712 1319 763 1363 de
798 1320 970 1362 iuribus.
1007 1346 1058 1350 —
1096 1320 1313 1372 Quamvis
1354 1335 1505 1362 servus
1540 1335 1622 1363 esse

207 1392 398 1443 hominis,
441 1404 481 1434 et
517 1407 578 1445 ea,
613 1407 723 1449 quae
756 1392 875 1434 huius
911 1406 994 1433 esse
1028 1391 1203 1448 propria
1253 1404 1371 1447 sunt,
1408 1393 1622 1444 retineat;

208 1477 354 1506 tamen
391 1462 576 1506 domino
610 1478 779 1505 setarum
817 1478 932 1505 nsum
968 1463 1124 1521 wlrinm
1159 1461 1382 1504 submittit
1416 1478 1491 1505 seu
1519 1478 1623 1505 con-

209 1535 335 1578 cedit.
372 1536 484 1577 Hinc
521 1548 707 1593 possunt
742 1537 834 1578 iura
870 1534 1040 1577 domini
1077 1550 1176 1589 erga
1212 1550 1386 1576 servum
1424 1535 1586 1591 colligi.

299 1607 356 1649 Ea
391 1607 664 1650 reducuntur
699 1607 748 1650 ad
785 1607 998 1649 moralem
1048 1619 1329 1663 potestatem,
1364 1622 1447 1664 qua
1482 1606 1623 1650 domi-

209 1694 292 1721 nus
327 1678 477 1735 pollet,
511 1678 745 1721 ordinandi
780 1693 909 1735 opera
944 1679 1057 1720 servi
1092 1679 1135 1720 in
1171 1693 1301 1721 suum
1328 1677 1509 1722 bonum.
1535 1678 1624 1721 Sci—

210 1750 324 1805 licet,
357 1749 567 1792 dominus
604 1749 732 1792 habet
767 1751 834 1792 ius
869 1748 1071 1806 exigendi
1096 1765 1118 1791 a
1143 1764 1284 1805 servo,
1311 1762 1357 1792 ut
1381 1750 1494 1792 vires
1525 1765 1623 1792 suas

210 1819 351 1877 (iuxta
387 1819 665 1862 conditiones
699 1819 750 1862 ab
786 1820 913 1862 initio
949 1831 1202 1862 contractus
1228 1819 1396 1862 servilis
1417 1819 1625 1878 statutas)

210 1889 412 1933 adhibeat
447 1906 526 1947 pro
562 1890 789 1932 voluntate
824 1890 994 1932 domini
1031 1891 1073 1932 in
1111 1889 1276 1932 bonum
1314 1890 1465 1946 ipsius,

300 1962 429 2004 Hisce
454 1974 600 2004 autem
626 1961 810 2017 iuribus,
836 1976 946 2018 quac
971 1963 1013 2003 in
1039 1960 1224 2004 domino
1249 1963 1416 2018 insunt,
1443 1977 1624 2019 respon-

210 2032 314 2075 dent
349 2034 391 2075 in
427 2034 561 2075 servis
597 2032 751 2075 officia.
788 2032 1019 2089 Videlicet,
1055 2045 1262 2076 tenentur
1298 2034 1410 2076 servi
1436 2034 1624 2077 revereri

210 2103 460 2160 dominum,
494 2119 514 2146 a
550 2120 638 2162 quo
673 2103 937 2161 dependent,
972 2119 1187 2162 suamque
1213 2120 1393 2162 operam
1420 2104 1624 2161 fideliter,

211 2187 342 2231 prout
376 2187 593 2218 statutum
629 2188 707 2232 est,
743 2175 793 2219 ad
829 2177 922 2218 eius
958 2174 1282 2233 beneplacitum
1318 2175 1592 2234 impendere.

283 2398 338 2442 (ι)
366 2399 418 2432 De
446 2398 505 2433 off.
533 2398 553 2433 l.
582 2398 641 2435 ΙΙΙ.
668 2398 700 2434 6.

281 2458 336 2501 (2)
367 2458 420 2491 Cf.
449 2470 567 2503 super.
595 2459 664 2492 vol.
693 2460 732 2493 II.
763 2458 853 2494 thes.
882 2459 1030 2496 xxxv,
