1705 2787
693 51 925 104 —51'—

267 149 312 208 ἢ)
343 150 544 206 Longum
575 162 692 203 esset,
726 149 838 192 hunc
869 152 985 207 sequi
1017 161 1233 193 auctorem
1263 151 1306 192 in
1339 150 1399 203 iis,
1421 165 1526 206 quae

87 222 203 266 addit
235 220 286 265 ad
317 219 537 264 solvendas
570 220 836 275 obiectiones,
872 237 975 279 quae
1009 235 1155 266 contra
1188 223 1317 278 ipsius
1339 223 1527 263 assertio-

89 310 189 337 nem
217 293 415 336 hominem
433 307 510 335 esse
541 308 604 335 ens
629 292 705 336 sihi
724 293 915 350 sufficiens
939 306 1113 351 possunt
1137 295 1313 337 moveri.
1341 319 1393 323 —-
1419 291 1524 345 Cibi,

84 367 232 423 inquit,
266 366 303 408 ei
323 376 487 422 praesto
510 376 616 417 sunt,
640 364 731 421 plus
755 381 883 422 quam
908 366 995 409 aliis
1020 364 1293 409 animalibus:
1318 381 1415 407 cum
1438 381 1525 407 ma-

81 439 150 495 gis
182 452 308 494 quam
339 437 426 493 ipsa
446 437 577 493 possit
607 438 735 478 variis
758 438 858 479 escis
882 439 1015 480 vitam
1050 449 1295 481 sustentare.
1329 437 1524 479 Diversas

85 511 304 553 brutorum
334 507 553 552 industrias
586 520 707 565 atque
753 510 965 552 instinctus
1011 509 1219 553 imitando
1268 525 1340 552 eos
1379 524 1526 551 omnes

85 582 130 623 in
161 596 203 623 se
234 595 320 622 uno
353 579 527 636 colligit.
563 579 753 636 Corpore
777 593 836 622 est
870 581 1055 634 robusto,
1081 580 1198 638 quod
1236 579 1394 623 morbis
1426 595 1526 622 con-

86 652 233 695 flictari
264 652 334 694 vix
365 663 514 708 potest.
550 641 671 702 Quae
704 650 812 694 ferae
846 651 1011 695 homini
1032 664 1241 709 praestant
1278 651 1431 695 robore
1464 653 1526 694 vi-

84 723 209 776 rium,
249 738 318 765 eae
357 722 404 765 ab
441 722 614 764 homine
650 735 893 779 superantur
925 736 1009 766 arte
1052 736 1091 766 et
1135 723 1389 767 dexteritate.
1435 724 1520 766 Vix

88 795 293 838 subiectus
325 793 496 847 morbis,
530 793 664 836 homo
696 796 766 836 vix
800 796 842 836 in
875 810 925 837 eo
974 808 1079 838 statu
1123 795 1289 852 indiget
1334 795 1528 839 remediis

88 878 157 909 aut
190 865 420 909 medicinis.
454 865 592 918 Senes,
632 881 655 907 a
687 864 833 922 quibus
873 867 957 907 vvita
995 866 1190 909 silvestris
1237 879 1346 909 arcet
1385 866 1528 909 arthri-

84 939 194 980 ticos
237 936 404 980 dolores
446 948 485 978 et
528 936 865 988 rheumatismos,
910 938 1165 991 moriuntur,
1217 939 1317 994 quin
1361 936 1528 980 fatalem

87 1010 197 1052 ⁷vitae
228 1010 387 1052 exitum
418 1009 582 1065 ipsimet
622 1010 886 1064 persentiant.
940 1035 992 1039 ——
1040 1010 1135 1051 Hoc
1187 1011 1404 1066 praecipue
1447 1010 1529 1052 ani-

86 1081 312 1125 madvertit
343 1079 433 1139 (1):
470 1098 490 1121 «
526 1080 843 1123 Gardons-nous
866 1080 915 1124 de
939 1081 1180 1125 confondre
1214 1081 1419 1124 l’homme
1442 1097 1528 1124 sau-

90 1170 196 1212 vage
229 1168 328 1196 avec
361 1153 418 1196 les
450 1153 647 1195 hommes
679 1169 758 1210 que
790 1168 895 1195 nous
928 1169 1058 1196 avons
1096 1169 1192 1196 sous
1221 1153 1281 1197 les
1314 1171 1436 1210 yeux.
1470 1154 1528 1196 La

87 1238 235 1269 nature
266 1227 384 1268 traite
417 1237 510 1267 tous
533 1224 590 1268 les
613 1227 806 1268 animaux
840 1225 1109 1269 abandonncs
1134 1228 1156 1268 a
1188 1242 1251 1269 ses
1285 1228 1397 1268 soins
1429 1242 1528 1269 avec

91 1314 171 1341 une
202 1296 475 1355 predilection
507 1298 576 1354 qui
609 1296 765 1340 semble
798 1310 988 1340 montrer
1022 1296 1214 1340 combien
1261 1298 1337 1340 elle
1371 1310 1431 1339 est
1478 1299 1529 1354 ja-

91 1371 206 1413 louse
239 1368 290 1413 de
323 1385 367 1412 ce
409 1368 532 1413 droit.
575 1369 634 1411 Le
675 1368 834 1422 cheval,
878 1369 914 1412 lc
960 1369 1066 1421 chat,
1102 1369 1138 1412 le
1187 1382 1369 1423 taur-ean,
1414 1369 1529 1412 l'ane

92 1445 243 1495 meme,
278 1453 351 1484 ont
383 1440 423 1484 la
453 1440 615 1498 plupart
647 1457 727 1484 une
750 1441 859 1484 taille
883 1442 973 1498 plus
1007 1442 1147 1495 haute,
1181 1454 1277 1484 tous
1310 1458 1389 1484 une
1423 1457 1528 1485 con—

91 1514 281 1556 stitution
312 1512 402 1569 plus
434 1511 615 1566 robuste,
649 1512 739 1569 plus
772 1512 821 1556 d:
854 1515 1042 1570 vigueur,
1078 1512 1126 1556 de
1160 1513 1273 1556 force
1297 1526 1337 1556 et
1361 1513 1411 1557 de
1435 1529 1529 1556 cou-

92 1600 189 1641 rage
222 1583 322 1628 dans
355 1583 413 1627 les
445 1583 574 1626 forOts
607 1600 686 1641 que
720 1584 820 1628 dans
854 1601 930 1627 nos
963 1586 1169 1639 maisons3
1205 1584 1253 1627 ils
1286 1584 1459 1641 perdent
1492 1585 1529 1627 la

92 1657 238 1699 moitie':
272 1655 322 1699 de
354 1671 418 1698 ces
451 1667 672 1712 avantages
712 1672 764 1698 en
803 1656 1008 1699 devenant
1041 1656 1338 1713 domestiques,
1370 1668 1409 1698 et
1442 1656 1529 1698 l'on

94 1727 213 1772 dirait
245 1742 323 1784 que
355 1738 449 1769 tous
481 1742 559 1768 nos
591 1727 703 1769 soins
735 1729 757 1769 a
790 1728 882 1770 bien
916 1729 1054 1769 traiter
1077 1739 1116 1769 et
1146 1729 1310 1769 nourrii·
1343 1743 1407 1770 ces
1442 1729 1527 1770 ani-

94 1815 219 1842 maux
251 1801 291 1841 11⁷
312 1797 563 1841 aboutissent
611 1801 719 1855 qu'a
753 1799 809 1841 les
842 1798 1055 1842 absttardir.
1089 1798 1121 1841 Il
1154 1815 1203 1841 cn
1233 1812 1291 1841 est
1326 1800 1427 1841 ainsi
1477 1799 1526 1843 de

93 1871 300 1914 l'homme
334 1873 495 1926 meme3
529 1886 581 1912 en
614 1870 819 1914 devenant
840 1870 1020 1913 sociable
1054 1884 1092 1913 et
1115 1872 1290 1924 esclave,
1315 1871 1342 1914 il
1363 1871 1528 1914 devient

94 1942 227 1993 faible,
261 1941 434 1995 craintif,
469 1955 684 1999 rampant,
733 1955 772 1985 et
821 1959 863 1985 sa
912 1944 1093 1985 mamere
1143 1943 1192 1986 de
1239 1944 1353 1986 vix-re
1402 1943 1528 1985 molle

93 2027 135 2057 et
177 2012 397 2056 effeminet*
435 2013 590 2057 acheve
630 2013 848 2057 d’enerx‘er
885 2016 905 2056 a
947 2014 981 2056 la
1022 2013 1099 2055 fois
1137 2030 1179 2056 sa
1217 2013 1330 2056 force
1370 2027 1408 2057 et
1451 2029 1529 2056 son

91 2099 289 2140 -courage
333 2101 353 2124 ))

244 2154 282 2213 c)
317 2154 448 2206 Quod
481 2155 513 2197 si
547 2170 718 2212 quaeras
764 2155 813 2198 de
853 2154 1107 2207 differentiis,
1149 2155 1295 2212 quibus
1334 2155 1466 2198 homo
1507 2171 1528 2197 a

93 2225 221 2268 brutis
263 2224 542 2283 distinguitur,
586 2226 798 2269 Rousseau
845 2226 944 2268 duas
987 2227 1177 2282 assignet,
1212 2225 1379 2269 liberum
1413 2226 1529 2270 arbi-

95 2298 222 2340 trium
253 2310 293 2340 et
321 2298 556 2355 facultatem
597 2313 633 2339 §a
658 2297 900 2356 pizificicmli,
942 2298 1053 2340 hisce
1093 2297 1226 2341 verbis
1270 2297 1364 2357 (2):
1415 2316 1434 2339 (‹
1471 2299 1529 2341 Ce

165 2386 222 2430 (1)
250 2386 334 2421 Loc.
362 2399 473 2434 nuper
501 2389 558 2422 cit.

168 2446 226 2490 (2)
252 2446 339 2481 Ibid.
