1705 2787
108 188 299 235 offendat
330 190 398 234 ius
432 192 631 236 naturale
680 205 722 236 et
769 193 905 251 prolis
940 180 1266 250 aequalitatem.
1316 187 1525 247 Aequum

106 262 226 304 enim
259 276 351 304 non
369 260 543 305 videtur
568 263 668 319 illis,
694 276 742 306 ut
775 264 931 306 ceteris
957 261 1062 304 filiis
1094 276 1209 304 unus
1234 258 1523 317 praeferatur,

107 331 208 389 quia
256 343 377 388 pater
420 332 659 390 aequaliter
710 334 918 376 omnium
960 331 1158 375 filiorum
1204 342 1324 388 pater
1365 342 1445 386 est,
1479 344 1526 371 ac

108 402 292 461 proinde
326 403 553 461 aequalem
588 420 689 462 erga
714 421 870 448 omnes
895 403 1024 448 debet
1047 403 1253 446 affectum
1273 401 1523 455 ostendere,

107 489 321 532 paresque
355 475 414 517 eis
450 474 731 518 haereditatis
750 489 894 533 partes
920 474 1129 518 tribuere.
1156 473 1437 531 Experientia
1461 484 1522 515 ta-

108 560 210 587 men
245 544 454 602 ostendit,
489 546 717 603 aequalem
757 546 1024 590 divisionem
1061 544 1285 587 bonorum
1309 544 1458 601 potius
1483 544 1528 585 in

106 617 348 674 perniciem
387 616 653 675 reipublicae
684 619 901 661 converti.
938 618 1057 671 Quia
1081 615 1230 659 fundis
1259 628 1350 658 tam
1375 615 1526 658 crebra

107 687 323 731 divisione
356 689 560 745 concisis,
599 688 869 745 agricultura
907 688 1121 746 paulatim
1161 687 1416 743 languescat
1451 701 1525 728 ne-

108 773 226 801 cesse
269 770 346 801 est.
390 758 543 801 Plures
569 758 749 816 quidem
794 758 1028 815 habentur,
1069 759 1144 816 qui
1188 756 1349 800 fundos
1388 758 1528 815 possi-

108 830 227 887 dent,
260 829 335 874 sed
379 845 482 873 cum
518 831 606 887 isti,
650 846 777 888 saepe
817 832 861 874 in
899 843 1043 888 partes
1083 829 1225 885 divisi,
1270 829 1321 872 de
1366 828 1434 872 die
1484 830 1528 871 in

109 902 226 946 diem
262 901 537 946 brevioribus
562 901 778 945 limitibus
803 902 1087 959 definiantur,
1107 904 1177 946 vix
1197 901 1528 960 possessoribus

110 974 238 1017 utiles
263 988 357 1015 esse
390 986 594 1030 possunt,
628 975 787 1032 vixque
812 986 957 1031 potest
982 976 1167 1016 societas
1202 974 1339 1017 civilis
1365 973 1530 1016 tributa

109 1043 268 1088 talibus
303 1043 451 1088 fundis
488 1046 698 1103 imposita
736 1061 911 1103 augere.
953 1046 1234 1103 Experientia
1287 1057 1413 1101 teste,
1463 1044 1531 1088 lex

110 1117 305 1175 aequalis
336 1116 566 1160 divisionis
602 1116 927 1160 haereditatum
950 1118 1251 1175 populationis
1287 1130 1530 1174 augmento

110 1189 260 1246 officit,
284 1190 385 1247 quia
409 1202 612 1246 parentes
639 1189 955 1233 haereditatem
982 1191 1095 1232 inter
1120 1205 1409 1233 numerosam
1430 1204 1530 1246 pro-

110 1262 198 1305 lem
231 1260 426 1305 dividere
465 1261 639 1304 nolunt.
686 1262 838 1305 Proles
883 1261 1089 1318 divitum,
1124 1278 1199 1319 spe
1246 1261 1529 1304 haereditatis

112 1346 317 1391 paternae
351 1348 373 1375 a
404 1349 489 1390 qua
523 1332 695 1376 excludi
731 1349 821 1376 non
856 1346 1060 1390 possunt,
1085 1335 1178 1375 otio
1224 1332 1345 1376 facile
1386 1332 1531 1375 indul-

111 1416 215 1448 gent
240 1415 282 1446 et
301 1419 428 1461 saepe
450 1403 767 1447 haereditatem
791 1403 1006 1461 dissipant
1031 1416 1271 1461 antequam
1296 1419 1391 1446 eam
1416 1403 1531 1446 adie-

113 1478 214 1519 rint.
249 1477 438 1519 Vincula
472 1477 605 1518 etiam
640 1477 753 1519 inter
789 1475 987 1518 membra
1023 1475 1222 1518 eiusdem
1256 1474 1444 1517 familiae
1480 1473 1532 1516 fa-

112 1550 237 1592 cilius
272 1548 523 1605 solvuntur,
559 1564 660 1591 cum
697 1550 892 1591 maximo
926 1548 1090 1591 damno
1120 1549 1342 1590 societatis
1378 1547 1532 1604 civilis,

112 1637 222 1680 quae
261 1636 313 1664 ex
346 1621 426 1664 hac
459 1620 727 1664 familiarum
762 1622 929 1664 unione
963 1622 1202 1664 maximam
1238 1621 1326 1663 vim
1362 1633 1403 1663 et
1447 1633 1532 1662 sta-

113 1692 328 1735 bilitatem
362 1692 523 1746 haurit3
559 1693 660 1750 quia
694 1693 953 1735 coniunctio
988 1691 1271 1745 familiarum,
1297 1707 1407 1749 quae
1430 1707 1532 1749 pro-

112 1765 318 1822 prietates
354 1762 530 1806 stabiles
564 1762 808 1820 possident,
863 1779 1063 1806 amorem
1098 1764 1261 1820 patriae
1306 1763 1448 1820 gignit
1491 1774 1534 1805 et

114 1836 268 1879 nutrit.
304 1834 441 1888 Quod
475 1847 625 1877 autem
649 1833 914 1878 familiarum
942 1835 1326 1877 conservationem
1352 1848 1533 1891 promo-

112 1920 196 1964 vet,
231 1922 322 1949 non
359 1919 504 1964 potest
538 1906 622 1949 dici
656 1906 829 1949 iuribus
866 1905 1054 1948 familiae
1089 1907 1392 1963 oppositum.»

201 1980 306 2024 Non
341 1978 502 2022 desunt
535 1992 685 2023 tamen
733 1995 886 2036 graves
931 1991 1149 2030 auctores,
1202 1978 1276 2035 qui
1324 1978 1369 2020 in
1404 1977 1534 2020 aliam

114 2051 278 2095 abeunt
311 2052 594 2094 sententiam.
629 2051 686 2093 Hi
724 2062 881 2107 urgent
929 2062 1246 2107 argumentum
1294 2065 1344 2092 ex
1378 2064 1429 2091 eo
1464 2047 1534 2091 de-

115 2123 314 2180 ductum,
349 2123 467 2181 quod
502 2125 828 2181 primogenitus
863 2123 1031 2180 aequali
1065 2122 1243 2165 vinculo
1278 2137 1379 2164 cum
1414 2133 1535 2179 patre

115 2197 419 2254 adstringitur,
438 2213 484 2239 ae
505 2198 637 2240 ceteri
658 2196 748 2240 filii.
765 2195 1059 2239 Contendunt
1080 2197 1274 2252 insuper,
1298 2210 1349 2237 ex
1366 2194 1536 2252 aequali

118 2268 340 2312 bonorum
373 2270 488 2312 inter
522 2269 638 2312 filios
664 2269 901 2326 partitione
936 2283 1025 2310 non
1052 2268 1157 2309 oriri
1176 2266 1334 2309 damna
1353 2266 1397 2308 in
1423 2280 1536 2308 rem·

116 2338 360 2397 publicam:
411 2340 517 2383 oriri
566 2355 670 2382 vero
720 2355 771 2381 ex
811 2339 1018 2396 opposito
1068 2336 1225 2394 agendi
1274 2335 1425 2379 modo.
1460 2335 1535 2378 Illa

116 2424 263 2455 autem
288 2411 432 2455 divina
458 2427 537 2469 pro
559 2410 735 2454 ludaico
761 2411 926 2467 populo
953 2408 1186 2467 dispositio
1224 2424 1313 2451 non
1334 2407 1433 2451 ideo
1453 2406 1534 2451 fuit
