1705 2787
801 69 1059 124 ...295-

221 179 309 221 vim
345 177 553 219 socialem
588 190 768 232 urgere:
804 174 1043 230 omniaque
1068 172 1173 215 haec
1198 185 1406 229 peragere
1429 172 1524 214 sine
1546 185 1642 228 per-

223 264 435 290 sonarum
472 247 726 303 acceptione
760 245 1009 302 partiumve
1043 242 1207 285 studio.

315 321 401 361 llac
436 320 570 375 igitur
606 319 649 360 in
684 332 729 359 re
763 328 827 358 est
861 314 1099 358 discrimen
1134 315 1247 356 inter
1283 327 1522 370 personam
1557 313 1643 370 pri-

223 402 366 433 vatam
401 403 442 431 et
477 388 714 445 publicam.
748 388 879 441 Nam,
915 397 962 428 ut
997 397 1093 442 apte
1118 383 1291 427 disserit
1327 382 1456 426 Card.
1482 382 1645 426 Bellar-

222 462 371 502 minus
396 459 481 517 (1)
510 476 529 499 κ
557 459 712 515 privati
737 468 925 514 possunt
949 455 999 499 ad
1025 456 1303 512 superiorem
1328 448 1582 510 confugere:
1603 463 1644 496 at

224 533 440 588 principes
455 532 489 573 si
504 530 555 573 ab
570 530 663 572 aliis
678 528 950 587 principibus
965 526 1129 585 aliquid
1143 527 1364 583 patiantur
1378 540 1468 568 non
1484 524 1647 568 habent

224 617 465 646 commune
489 600 666 658 aliquod
692 599 898 654 tribunal,
919 598 969 641 ad
989 597 1109 656 quod
1128 598 1226 640 illos
1246 608 1468 653 accusent,
1488 607 1530 639 et
1548 595 1647 640 ideo

225 676 323 718 licet
359 676 418 716 eis
456 673 568 716 bello
602 673 786 715 iniurias
821 670 1018 729 publicas
1053 669 1326 727 propulsare.
1356 686 1374 708 »

342 746 394 787 Π.
428 744 588 787 Iudicia
621 743 761 787 civilia
794 751 886 785 sunt
919 742 1194 784 ordimzsiones
1229 740 1436 797 obligandi
1467 741 1512 784 vi
1529 748 1650 798 prae-

225 817 343 872 ditae,
378 832 457 858 non
491 824 621 859 alitem
657 830 767 857 mem
793 815 953 872 functio
993 813 1120 869 logica
1153 821 1221 854 aut
1249 820 1380 869 purus
1414 811 1649 855 arbitratus.

228 915 279 919 —
315 888 444 931 Ratio
479 902 651 944 semper
686 899 749 928 est
784 886 855 929 illa
890 885 1130 942 generalis:
1157 883 1198 927 id
1224 899 1317 926 esse
1352 884 1651 926 necessarium

227 960 278 1003 ad
313 975 553 1002 commune
589 958 757 1001 bonum
794 957 1073 1015 reipublicae.

316 1031 438 1073 Mera
471 1029 641 1073 functio
690 1029 829 1086 logica
880 1041 943 1071 est
988 1043 1107 1070 mera
1156 1028 1352 1084 opinatio
1395 1026 1650 1070 doctrinalis

229 1100 392 1158 absque
427 1101 689 1142 auctoritate
724 1111 765 1141 et
797 1099 1002 1156 imperio,
1036 1109 1084 1140 ut
1109 1109 1172 1139 est
1197 1113 1232 1139 e.
1257 1113 1297 1152 g.
1323 1096 1554 1153 explicatio
1574 1110 1650 1138 seu

229 1172 535 1228 interpretatio
570 1170 693 1227 legis),
729 1185 840 1227 quae
874 1185 894 1212 a
932 1170 1103 1226 privato
1143 1167 1324 1211 doctore
1359 1167 1560 1210 traditur.
1597 1193 1650 1198 -—

229 1244 382 1286 Merus
417 1254 566 1285 autem
601 1241 837 1284 arbitratus
888 1240 1036 1282 locum
1071 1238 1216 1294 habet,
1267 1237 1445 1295 quando
1494 1238 1653 1294 privati

231 1313 552 1357 contendentes
587 1312 722 1356 libere
756 1313 926 1369 eligunt
960 1311 1192 1366 arbitrum,
1219 1321 1267 1352 ut
1286 1310 1652 1364 controversiam,

232 1400 368 1443 quam
401 1386 514 1427 inter
548 1400 592 1426 se
627 1383 805 1439 habent,
849 1394 1135 1439 componant.
1181 1379 1318 1433 Quod
1352 1378 1567 1422 iudicium
1600 1377 1652 1421 ab

232 1455 398 1498 arbitro
433 1455 654 1512 prolatum
689 1469 738 1496 ex
774 1469 813 1495 sc
847 1468 937 1495 non
972 1451 1102 1494 infert
1138 1450 1456 1507 obligationem
1480 1450 1526 1492 in
1550 1463 1653 1492 con-

232 1526 480 1581 tendentes,
515 1527 596 1568 etsi
621 1525 665 1567 hi
690 1541 740 1567 ex
765 1524 864 1580 fide,
888 1538 1021 1581 quam
1046 1522 1126 1565 sibi
1152 1523 1341 1565 invicem
1365 1520 1499 1564 libere
1524 1519 1652 1564 dede-

233 1610 352 1654 runt,
385 1596 550 1640 iudicio
583 1597 646 1639 illi
679 1609 792 1639 stare
827 1595 1027 1638 debeant.

323 1671 523 1712 Iamvero
563 1668 641 1727 LO)
665 1667 717 1711 ad
740 1667 948 1710 socialem
973 1666 1175 1709 ordinem
1200 1665 1513 1723 publicamque
1533 1676 1652 1707 tran-

235 1740 503 1797 quillitatem
537 1737 813 1793 servandam,
848 1752 1025 1779 necesse
1051 1748 1115 1778 est
1139 1748 1188 1779 ut
1213 1746 1388 1778 exortae
1408 1734 1458 1777 de
1481 1733 1652 1777 iuribus

236 1811 564 1853 controversiae
589 1822 824 1866 perpetuae
848 1825 937 1851 non
963 1810 1065 1865 sint,
1090 1807 1165 1851 Sed
1189 1807 1413 1850 definitive
1439 1806 1650 1849 diriman-

237 1895 310 1925 tur
325 1894 367 1924 et
381 1893 722 1938 componantur.
736 1882 872 1938 Atqui
891 1880 943 1923 ad
963 1881 1045 1923 hoc
1071 1895 1161 1922 non
1180 1878 1342 1922 sufficit
1361 1894 1480 1921 mera
1499 1878 1654 1935 opinio

238 1952 542 2011 quorumlibet
576 1954 844 2009 sapientum7
878 1967 957 1994 nec
991 1951 1153 1994 sufficit
1187 1952 1319 1993 etiarn
1353 1965 1502 1992 merus
1537 1947 1649 1991 arbi-

238 2036 396 2079 tratuS,
434 2023 507 2066 sed
541 2024 782 2065 necessaria
819 2034 883 2064 est
917 2021 1095 2077 decisio,
1130 2037 1239 2078 quae
1264 2021 1483 2063 voluntati
1507 2033 1652 2061 mora-

240 2096 327 2138 lem
362 2097 562 2152 imponat
587 2094 924 2151 obligationem,
949 2107 990 2137 et
1015 2095 1147 2137 etiam
1171 2093 1347 2151 publica
1369 2095 1411 2137 vi
1435 2093 1654 2136 reluctan-

241 2165 358 2208 tibus
384 2168 654 2223 imponatur.
680 2167 797 2222 Ergo
821 2165 1038 2208 iudicium
1059 2165 1199 2221 civile,
1227 2180 1316 2222 quo
1341 2176 1518 2207 exortae
1541 2165 1655 2206 inter

243 2238 355 2279 cives
391 2235 441 2278 de
466 2238 637 2278 iuribus
662 2237 989 2279 controversiae
1014 2235 1304 2291 dirimuntur,
1329 2251 1419 2278 non
1445 2248 1509 2278 est
1534 2251 1656 2278 mera

316 2453 370 2502 (1)
398 2454 450 2489 De
479 2452 554 2490 laic.
583 2452 602 2489 1.
632 2453 690 2490 Ill.
718 2466 744 2489 c.
779 2465 830 2500 15.
