1705 2787
127 165 220 218 Qui
238 180 260 207 a
279 164 446 221 nuptiis
467 162 731 219 abstineant,
755 164 785 206 ii
812 176 942 206 erunt
967 179 1141 220 semper
1166 163 1345 206 relative
1364 176 1549 220 perpau-

125 236 176 278 ci:
212 246 254 277 et
288 233 332 275 hi
357 233 483 290 pauci
504 232 708 275 homines
734 248 823 275 non
850 232 986 276 modo
1010 232 1183 275 nullum
1201 232 1390 274 omnino
1411 248 1548 276 nocu-

125 318 330 348 mentum
355 303 535 346 afferent
570 304 652 360 ipsi
687 304 907 346 humanae
942 304 1273 359 communitati,
1307 302 1381 346 sed
1406 303 1547 346 eidem

125 392 146 418 e
171 375 394 418 contrario
420 373 729 416 emolumento
755 375 950 417 maximo
977 386 1121 417 erunt.
1146 375 1351 431 Namque
1368 374 1502 416 soluti
1527 390 1547 416 a

125 448 337 490 continua
374 445 447 488 illa
483 446 775 501 occupatione
810 458 851 488 et
875 445 1189 501 sollicitudine,
1215 461 1347 502 quam
1383 445 1441 497 hi,
1466 446 1542 503 qui

125 520 338 576 coniugio
381 529 587 573 utuntur,
623 516 785 560 habent
820 517 871 561 de
908 534 1057 571 uxore,
1093 517 1144 560 de
1179 516 1296 573 filiis,
1331 516 1382 560 de
1417 516 1547 560 rebus

126 606 206 648 pro
240 589 406 632 familia
435 588 692 631 necessariis
729 587 1008 645 acquirendis
1034 601 1075 631 et
1100 587 1428 641 coiiservaiidiS‚
1452 588 1547 630 aliis

128 676 308 719 operam
343 659 513 703 dabunt
548 658 719 716 officiis,
760 672 864 716 puta
901 660 1083 702 militiae
1118 672 1192 702 aut
1227 659 1375 702 studio
1409 660 1548 702 scien-

127 733 290 775 tiarum
326 743 401 774 aut
450 730 819 787 contemplationi
870 744 943 773 aut
993 731 1143 774 divino
1194 731 1332 774 cultui
1368 746 1548 788 promo-

127 802 287 859 vendo,
321 818 432 860 quae
463 801 604 845 officia
638 803 836 859 apprime
888 815 992 845 sunt
1037 804 1281 845 necessaria
1329 803 1544 859 societati,

129 888 176 918 ut
211 874 362 918 eadem
399 873 508 917 bene
545 874 614 929 sit,
641 885 683 916 et
706 872 993 930 tranquillam
1017 890 1092 916 seu
1129 889 1311 916 vacuam
1346 889 1367 916 a
1396 874 1548 916 dome-

128 948 248 990 sticis
283 947 399 989 curis
434 958 634 988 mentem
670 945 911 1002 postulant.

215 1019 383 1076 Itaque,
399 1029 445 1060 ut
464 1017 613 1075 paucis
629 1016 772 1060 verbis
792 1017 942 1059 omnia
957 1017 1290 1071 concludamus,
1306 1018 1349 1059 in
1366 1015 1548 1059 exordio

126 1090 305 1150 quidem
326 1090 511 1133 humani
529 1090 704 1146 generis
728 1090 860 1146 primi
881 1088 1084 1131 homines
1110 1089 1297 1132 naturali
1317 1089 1410 1146 lege
1430 1100 1549 1130 tene-

127 1163 285 1206 bantur
306 1162 356 1205 ad
381 1163 643 1219 coniugium
669 1160 915 1204 ineundum
939 1178 945 1204 :
972 1161 1190 1219 siquidem
1212 1177 1286 1219 per
1307 1176 1381 1203 eos
1402 1160 1548 1203 solum

126 1247 298 1292 poterat
334 1233 528 1276 humana
564 1232 740 1276 soboles
774 1234 1021 1290 propagari.
1053 1234 1209 1276 Postea
1244 1248 1348 1275 vero
1383 1231 1424 1274 id
1458 1247 1548 1274 non

126 1320 190 1349 est
225 1306 415 1364 amplius
442 1307 757 1349 necessarium.
784 1307 1070 1362 Quapropter
1095 1306 1265 1349 licitum
1301 1306 1459 1362 cuique
1485 1317 1549 1347 est

128 1377 309 1433 nubere,
328 1394 374 1420 ac
400 1378 569 1420 licitum
594 1378 726 1420 etiam
752 1378 911 1435 cuique
937 1389 1001 1420 est
1027 1376 1236 1420 caelibem
1264 1392 1441 1419 manere
1461 1375 1548 1434 (1).

220 1452 312 1492 126.
348 1450 593 1492 SCHOLION.
629 1449 988 1501 Matrimonium,
1024 1461 1070 1491 ut
1106 1448 1240 1491 modo
1275 1447 1546 1502 dicebamus,

128 1532 192 1562 est
226 1519 397 1562 licitum
432 1532 473 1562 et
509 1519 764 1562 honestum.
800 1519 947 1562 Status
993 1534 1170 1577 quoque
1206 1518 1471 1574 virginitatis
1507 1529 1549 1559 et

128 1589 364 1633 caelibatus
389 1602 453 1632 est
478 1590 623 1633 licitus
657 1602 699 1632 et
734 1590 965 1633 honestus.
992 1589 1127 1643 Quod
1166 1590 1202 1631 si
1236 1590 1350 1632 inter
1376 1601 1549 1631 utrum-

129 1677 212 1720 que
247 1674 412 1705 statum
447 1663 719 1719 comparatio
750 1661 841 1717 siat5
863 1661 1101 1705 dicendum
1139 1662 1335 1718 profecto
1362 1673 1441 1715 est,
1466 1672 1551 1702 sta-

129 1746 226 1776 tum
260 1734 526 1789 virginitatis
569 1745 610 1775 et
653 1732 890 1776 caelibatus
946 1744 1165 1789 praestare
1216 1732 1349 1773 statui
1394 1731 1548 1773 coniu-

130 1803 228 1860 gali.

130 2037 207 2082 (ΠΙ.
236 2037 324 2081 Reg.
351 2036 428 2078 Vll,
460 2035 538 2081 16.):
566 2036 666 2081 pauci
696 2045 786 2075 sunt,
815 2036 871 2081 qui
903 2036 1061 2068 animum
1078 2034 1233 2068 habeant
1273 2029 1550 2071 conscendendi,

131 2105 167 2130 ut
196 2093 270 2130 eius
299 2095 561 2140 pulchritudine
591 2094 759 2129 fruantur.

199 2157 255 2201 (1)
283 2156 391 2198 Quod
413 2168 431 2190 a
458 2156 537 2190 Deo
558 2156 691 2189 dictum
721 2165 783 2194 est,
806 2163 840 2188 ur
865 2167 904 2188 ex
925 2154 1013 2188 Cen.
1038 2154 1059 2187 Ι.
1079 2162 1231 2193 constat,
1261 2152 1394 2186 crescite
1413 2156 1443 2184 at
1463 2148 1552 2183 mul-

132 2216 351 2262 tiplicamini,
380 2216 412 2249 id
443 2228 485 2249 eo
514 2224 660 2261 spectat,
689 2224 725 2249 ut
754 2214 983 2257 significetur,
1013 2224 1118 2258 quem
1154 2212 1199 2245 ob
1227 2211 1335 2244 linem
1364 2221 1425 2244 seu
1454 2210 1552 2244 cuius

130 2275 179 2308 rei
196 2275 308 2319 gratia
328 2275 598 2309 matrimonium
620 2274 725 2307 fuerit
742 2273 953 2311 institutum,
974 2284 1044 2305 non
1074 2280 1192 2305 autem
1214 2279 1250 2304 ut
1270 2269 1418 2313 singulis
1433 2268 1554 2302 homi-

132 2334 234 2367 nibus
264 2333 410 2368 moralis
438 2335 633 2368 necessitas
664 2344 725 2366 seu
756 2332 928 2375 obligatio
957 2332 1160 2376 imponatur
1187 2329 1456 2363 matrimonium
1477 2339 1559 2361 con-

130 2392 305 2427 trahendi.
334 2412 375 2418 —
404 2393 474 2426 Pro
505 2392 612 2426 altera
642 2391 744 2425 liuius
774 2390 922 2425 theseos
950 2399 1048 2434 parte
1077 2388 1119 2422 cf.
1142 2388 1318 2429 Palmieri,
1340 2388 1382 2421 tle
1406 2387 1563 2423 matrim.

130 2450 222 2487 thes.
250 2451 293 2485 Y.
