1705 2787
671 83 903 127 ,29-

64 194 195 238 quam
225 177 483 222 determinate
517 176 650 220 homo
683 193 706 220 a
736 189 882 220 natura
914 176 1142 231 ordinetur,
1176 193 1228 220 an
1258 192 1360 220 vero
1393 178 1446 220 ita
1479 193 1502 220 a

66 263 211 295 natura
241 248 292 293 ad
320 248 521 292 socialem
552 249 683 292 vitam
705 248 919 305 dirigatur,
945 261 989 291 ut
1013 260 1151 292 tamen
1175 248 1287 291 nulla
1309 249 1359 291 sit
1381 249 1502 305 parti-

64 322 212 365 cularis
245 322 433 373 societas,
467 319 517 363 ad
563 335 690 377 quam
732 319 1004 363 determinate
1047 319 1096 362 ab
1139 321 1228 377 ipsa
1266 319 1499 364 inclinetur.

63 394 257 437 ‘Iamvero
291 390 596 444 contendimus,
616 390 715 435 duas
747 407 833 434 esse
865 392 1093 444 societates,
1134 390 1184 434 ad
1218 406 1317 448 quas
1366 390 1500 433 homo

67 463 304 508 naturaliter
335 474 395 505 est
428 473 705 518 comparatus.
738 461 860 504 Prior
891 473 950 504 est
972 463 1144 504 societas
1178 461 1407 505 domestica
1428 477 1500 503 seu

64 533 235 586 familia,
270 532 394 575 altera
428 533 582 574 civitas.
625 532 814 583 Nomine
847 544 987 574 autem
1019 533 1189 575 civitatis
1219 531 1286 590 (ut
1318 530 1499 588 aliquam

62 607 152 649 eius
194 603 483 648 definitionem
523 602 862 660 praestituamus)
904 604 1029 655 venit,
1074 604 1174 646 unio
1221 602 1414 660 plurium,
1457 603 1500 645 in

67 675 283 720 sufficienti
324 689 516 728 numero,
560 673 811 717 familiarum
858 675 1184 730 conspirantium
1228 673 1302 716 sub
1350 673 1500 716 visibili

62 748 310 790 auctoritate
342 744 718 803 communibusque
749 744 912 802 legibus
944 745 995 789 ad
1027 747 1291 788 securitatem
1323 756 1362 788 et
1394 760 1498 802 pro-

61 819 306 876 speritatem
336 833 408 860 seu
440 816 729 860 sufficientiam
762 818 869 860 vitae
893 816 1243 874 consequendam.
1267 817 1351 859 Has
1374 818 1500 874 igitur

66 890 179 933 binas
202 891 432 941 societates,
452 889 660 947 familiam
684 901 723 931 et
749 890 960 942 civitatem,
984 888 1158 931 dicimus
1177 905 1263 931 esse
1280 888 1496 932 naturales.

63 960 231 1019 Duplex
263 973 404 1004 autem
436 959 655 1003 afferemus
687 972 993 1016 argumentum,
1023 959 1196 1002 alterum
1221 976 1242 1002 a
1263 960 1497 1017 posteriori,

62 1032 242 1076 alterum
273 1047 375 1076 vero
408 1048 430 1074 a
462 1032 604 1088 priori.

153 1104 185 1148 I.
219 1105 447 1160 Arguimus
488 1104 637 1161 primo,
681 1117 706 1145 cz
734 1103 957 1160 posteriori,
1008 1118 1059 1144 ex
1107 1101 1410 1145 universalitate
1457 1114 1497 1144 et

62 1177 296 1220 constantia
327 1174 435 1218 facti.
458 1175 577 1218 —In
608 1175 746 1232 primo
780 1174 925 1217 mundi
943 1173 1117 1217 exordio
1152 1173 1351 1216 familiam
1388 1175 1497 1216 inve-

64 1245 213 1287 nimus:
247 1259 399 1301 genere
432 1256 571 1286 autem
589 1242 775 1285 humano
798 1258 870 1299 per
891 1242 1026 1299 plures
1050 1241 1223 1284 familias
1245 1254 1492 1299 propagato,

63 1315 204 1358 statim
236 1313 402 1357 civilem
439 1315 565 1357 etiam
597 1314 967 1366 consociationem,
1007 1313 1155 1355 saltem
1198 1312 1494 1366 inchoativam,

62 1388 312 1448 reperimus:
336 1402 387 1429 ex
409 1385 481 1429 illo
506 1398 643 1428 autem
669 1385 720 1430 ad
751 1397 942 1427 nostrum
970 1401 1096 1441 usque
1131 1397 1293 1442 tempus
1316 1384 1496 1428 familiae

64 1474 226 1516 semper
257 1459 492 1511 extiterunt,
511 1473 665 1514 eaeque
699 1468 935 1499 constanter
967 1469 1007 1498 et
1040 1455 1190 1513 ubique
1213 1472 1299 1498 non
1322 1457 1496 1499 seorsim

61 1532 265 1584 vixerunt,
298 1529 370 1574 sed
400 1531 443 1572 in
484 1544 615 1573 unum
655 1528 874 1586 politicum
922 1544 1071 1584 corpus
1117 1528 1299 1585 illudque
1346 1527 1488 1570 stabile

61 1603 292 1645 coiverunt.
325 1602 530 1654 Iamvero,
564 1616 659 1643 cum
704 1599 809 1643 nihil
840 1601 890 1642 sit
923 1601 1007 1642 sine
1054 1600 1213 1642 ratione
1263 1598 1493 1652 sufficienti,

63 1672 148 1716 hoc
179 1673 304 1715 etiam
325 1671 480 1715 factum
500 1687 663 1714 causam
685 1671 761 1724 sui,
786 1682 825 1713 et
848 1670 1018 1727 quidem
1042 1669 1328 1727 adaequatam,
1348 1669 1494 1713 habeat

63 1759 227 1787 necesse
258 1755 330 1786 est.
364 1744 494 1800 Atqui
526 1742 620 1785 facti
652 1742 773 1785 huius
806 1742 1043 1784 universalis
1076 1754 1114 1784 et
1138 1743 1352 1784 constantis
1384 1740 1495 1783 nulla

61 1815 142 1859 alia
188 1814 395 1858 sufficiens
428 1817 532 1858 ratio
581 1830 667 1857 esse
715 1825 863 1871 potest,
898 1814 976 1856 nisi
1025 1812 1191 1870 aliquid,
1242 1812 1355 1870 quod
1404 1824 1494 1855 tum

62 1887 227 1931 {dentice
259 1888 309 1930 sit
341 1899 432 1929 tum
464 1894 686 1930 constanter
718 1887 760 1928 in
792 1884 1051 1927 hominibus:
1098 1884 1201 1927 nihil
1249 1897 1387 1926 autem
1434 1895 1495 1926 est

63 1958 291 2002 identicum
321 1970 361 2001 et
395 1970 586 2000 constans
619 1958 660 1999 in
692 1954 944 2009 hominibus,
980 1957 1057 1997 nisi
1090 1957 1173 2012 ipsa
1208 1954 1390 1997 hominis
1423 1970 1493 1996 na-

64 2038 167 2070 tura.
202 2027 316 2083 Ergo
350 2025 504 2068 factum
537 2023 638 2068 illud
671 2039 835 2066 causam
867 2025 928 2066 sui
952 2023 1220 2080 adaequatam
1244 2038 1331 2065 non
1359 2022 1493 2076 habet,

66 2097 142 2140 nisi
174 2097 215 2140 in
248 2099 332 2154 ipsa
365 2096 548 2140 hominis
580 2107 737 2148 natura,
771 2110 873 2151 quae
905 2095 1103 2136 nimirum
1138 2094 1219 2136 hoc
1269 2094 1398 2150 exigit
1443 2092 1493 2136 ad

61 2170 385 2211 comen'entem
417 2169 477 2211 sui
511 2167 821 2225 perfectionem,
855 2178 898 2208 ut
930 2165 1108 2209 familiae
1140 2167 1232 2219 sint,
1266 2181 1419 2222 eaeque
1452 2166 1494 2208 in

67 2255 196 2282 unum
227 2239 444 2297 politicum
477 2254 626 2296 corpus
659 2239 933 2280 consociatae.
969 2238 1063 2279 Hoc
1092 2249 1386 2294 argumentum
1410 2252 1492 2278 ma-

67 2311 202 2353 iorem
235 2309 368 2353 adhuc
400 2312 488 2352 vim
522 2308 657 2362 habet,
691 2310 723 2351 si
755 2309 831 2351 tria
859 2307 959 2350 haec
982 2308 1313 2351 considerentur:
1338 2306 1382 2365 a)
1402 2306 1493 2349 Plu-

26 2392 27 2395 ’
67 2381 195 2423 rimae
229 2380 342 2434 aliae,
375 2393 533 2438 praeter
566 2380 839 2423 domesticam
871 2391 911 2421 et
945 2379 1123 2433 civilem,
1158 2380 1373 2421 societates
1421 2376 1493 2419 sso-

67 2465 200 2494 ruere.
219 2452 346 2508 Atqui
370 2450 683 2503 vicissitudines,
703 2448 848 2507 quibus
867 2465 889 2491 a
907 2450 1051 2493 mundi
1068 2450 1242 2493 exordio
1260 2449 1492 2492 humanum
