1705 2787
220 172 387 231 regitur
424 172 467 215 in
503 169 798 214 commodum
834 186 984 228 suurn,
1019 186 1109 215 non
1143 171 1187 215 in
1222 171 1514 218 commodum
1549 189 1638 219 ma-

219 245 446 301 gistratus.
483 241 606 284 Sicut
642 257 663 283 e
698 243 921 285 contrario
955 243 1164 301 Princeps
1199 245 1422 302 politicus,
1447 244 1554 290 dum
1574 260 1638 289 re-

219 315 280 371 git
321 313 554 371 popult1m‚
580 328 669 355 non
696 328 822 355 suam
848 311 935 371 (Ι),
959 312 1035 356 sed
1058 315 1211 371 populi
1237 315 1479 358 utilitatem
1507 331 1638 374 quae-

221 387 300 438 rit3
325 385 567 442 Tyrannus
593 396 740 427 autem
769 396 809 426 et
843 386 1067 428 Dominus
1093 401 1183 430 non
1208 387 1376 444 populi,
1401 387 1476 430 sed
1511 403 1638 431 suam

221 456 406 514 quaerit.
442 456 594 512 Itaque
642 470 805 510 revera,
850 457 885 497 si
919 471 1004 513 qua
1040 468 1103 498 est
1146 458 1335 499 servitus
1370 458 1414 500 in
1450 457 1636 514 politico

221 528 486 586 principatu,
521 527 661 582 magis
697 528 873 583 proprie
898 542 1051 569 servus
1076 526 1158 570 dici
1185 527 1328 585 debet,
1353 530 1429 585 qni
1452 540 1638 586 praeest,

222 613 357 657 quam
393 599 467 654 qui
503 596 730 640 subiectus
766 610 844 640 est.
873 616 892 638 n
930 597 1093 642 Eadem
1120 597 1249 642 habet
1273 615 1305 641 s.
1333 599 1540 643 Thomas
1565 599 1638 659 (2)

221 682 261 712 et
297 667 451 711 exinde
487 667 728 724 concludit,
763 667 884 725 qnod
918 669 961 711 in
997 681 1111 711 statu
1150 670 1246 726 ipso
1265 670 1547 712 innocentiae
1572 667 1638 712 fu-

221 742 324 783 isset
369 739 588 783 subiectio
637 740 781 797 aliqua
831 740 1023 796 politica,
1079 756 1168 784 non
1217 753 1368 783 autem
1418 739 1638 785 subiectio

221 813 406 857 servilis.

309 886 476 928 Dicunt
511 883 705 941 tandem,
739 883 858 942 quod
893 885 1006 928 cives
1030 883 1112 927 sub
1137 885 1229 928 aliis
1255 884 1424 942 formis,
1448 900 1495 928 ac
1514 872 1636 943 prae-

220 958 373 1000 sertim
393 956 474 1000 sub
494 956 765 1012 monarchia,
783 956 992 1000 desinunt
1011 973 1104 1000 esse
1124 973 1336 1015 personae
1360 958 1511 1016 (3).-—
1537 959 1638 1001 Per-

224 1043 332 1071 sona
366 1027 577 1071 desinitur
622 1028 907 1085 suppositum
954 1029 1187 1071 rationale:
1225 1041 1287 1070 est
1333 1044 1492 1086 nempe
1537 1027 1638 1071 sub-

224 1100 383 1142 stantia
419 1100 671 1157 singularis5
707 1115 816 1157 quae
853 1100 1021 1142 ratione
1066 1100 1215 1157 pollet,
1250 1116 1449 1158 quaeque
1485 1117 1558 1158 per
1593 1118 1638 1144 se

225 1172 449 1227 integrum
487 1169 708 1228 quoddam
745 1182 809 1212 est
842 1183 972 1227 atque
1021 1171 1256 1227 singulare.
1306 1172 1397 1213 Hoc
1433 1184 1559 1229 pacto
1594 1172 1637 1214 in

226 1240 473 1297 Ontologia
508 1240 618 1283 solet
643 1255 830 1297 persona
855 1239 1043 1283 definiri.
1070 1241 1269 1283 Iamvero
1294 1256 1339 1282 ea
1360 1243 1509 1284 omnia
1533 1243 1638 1285 civis

225 1312 385 1354 retinet
408 1310 489 1354 sub
513 1310 795 1354 monarchia:
815 1312 850 1353 si
874 1313 1110 1367 amitteret,
1136 1311 1291 1354 eodem
1311 1328 1492 1369 prorsus
1512 1325 1638 1370 pacto

224 1384 446 1425 amitteret
471 1381 552 1425 sub
576 1382 857 1425 democratia.
893 1409 944 1413 —
979 1383 1136 1439 Neque
1170 1384 1330 1425 instes:
1352 1383 1511 1426 desinit
1545 1399 1638 1426 esse

225 1468 427 1510 persona,
462 1454 562 1511 quia
598 1452 758 1496 desinit
793 1468 886 1494 esse
922 1452 1028 1495 liber
1063 1466 1193 1510 atque
1243 1452 1562 1510 independe118‚
1597 1467 1638 1497 et

224 1525 283 1566 sic
318 1523 564 1581 prolabitur
590 1525 633 1566 in
659 1523 967 1567 conditionem
992 1523 1122 1566 bruti.
1147 1524 1262 1567 Nam
1289 1526 1434 1581 primo
1459 1524 1638 1582 quidem

224 1594 344 1651 haec,
379 1595 414 1637 si
438 1595 527 1637 vim
554 1593 781 1651 haberent,
802 1594 853 1637 de
878 1610 1159 1652 quacumque
1183 1595 1381 1637 valerent
1407 1596 1638 1651 regiminis

295 1863 351 1911 (Ι)
377 1866 489 1899 Recte
517 1874 639 1899 tamen
669 1864 820 1899 advertit
849 1863 1076 1906 Aristoteles,
1104 1862 1244 1897 Politic.
1261 1862 1280 1896 1.
1303 1864 1362 1897 ΙΙΙ.
1381 1875 1410 1898 c.
1429 1874 1460 1906 4.
1481 1875 1580 1898 num.
1601 1874 1643 1908 5.,

224 1924 318 1970 quod
347 1925 436 1958 sicut
463 1924 680 1970 gubernator
707 1923 806 1957 navis
833 1922 940 1957 habet
966 1934 1029 1968 pro
1058 1922 1128 1956 fine
1146 1923 1280 1956 bonum
1300 1923 1557 1967 navigantium,
1577 1922 1640 1956 sed

224 1994 344 2019 tamen
372 1985 453 2029 quia
481 1993 533 2017 est
560 1996 649 2017 unus
679 1996 696 2017 e
725 1984 985 2028 navigantibus,
1011 1983 1118 2016 habet
1157 1983 1265 2016 etiam
1292 1994 1354 2027 per
1383 1983 1546 2016 accidens
1575 1993 1639 2027 pro

224 2045 294 2078 fine
320 2045 455 2079 bonum
484 2044 688 2089 proprium3
716 2044 763 2078 ita
798 2044 963 2088 princeps
1002 2043 1166 2088 politicus
1208 2042 1313 2076 habet
1341 2043 1448 2076 etiam
1475 2053 1539 2087 pro
1567 2041 1638 2076 fine

223 2105 356 2138 bonum
384 2115 499 2145 suum,
526 2115 599 2137 non
628 2112 749 2138 tamen
778 2103 859 2148 quia
878 2112 931 2137 est
950 2103 1115 2147 princeps
1134 2101 1312 2148 politicus,
1331 2102 1392 2135 sed
1413 2102 1448 2134 in
1467 2109 1640 2147 quantum

223 2170 276 2196 est
302 2173 391 2195 unus
420 2173 462 2195 ex
489 2161 639 2204 civibus,⁴
664 2173 816 2206 quorum
843 2161 1005 2195 omnium
1032 2161 1166 2194 bonum
1193 2161 1267 2205 ipse
1294 2168 1469 2205 procurat.

297 2220 352 2264 (2)
380 2220 418 2253 In
448 2230 476 2253 1.
505 2231 537 2264 p.
564 2231 596 2264 q.
623 2218 677 2265 96.
706 2231 735 2253 a.
764 2230 795 2261 4.

291 2279 341 2322 (3)
368 2278 544 2320 Vidimus,
575 2278 642 2312 hoc
671 2278 768 2311 idem
796 2279 901 2312 obiici
929 2287 1055 2312 contra
1071 2278 1279 2312 servitutem
1294 2288 1400 2311 sensu
1417 2277 1525 2311 etiam
1540 2284 1638 2310 recto

224 2337 525 2373 intellectam.-—
555 2338 590 2371 Si
619 2349 741 2371 servus
769 2338 832 2371 sub
860 2347 1037 2382 potestate
1077 2338 1211 2371 domini
1251 2348 1322 2370 non
1350 2336 1481 2370 idcirco
1509 2337 1639 2370 desinit

223 2410 301 2433 esse
329 2408 494 2442 persona,
528 2406 564 2431 ut
592 2408 656 2431 suo
684 2396 766 2431 loco
794 2397 974 2437 vidimus3
1001 2396 1115 2431 multo
1143 2397 1260 2430 minus
1299 2394 1333 2428 id
1373 2396 1558 2443 continget
1595 2395 1637 2431 de

224 2458 303 2494 cive
331 2456 394 2492 sub
413 2456 587 2503 regimine
607 2457 713 2492 etiam
741 2456 988 2493 monarchico.
1017 2455 1070 2491 Cf.
1099 2468 1181 2503 pag.
1213 2465 1288 2500 143.
