1705 2787
784 113 835 118 -—
878 94 957 130 1'10
993 104 1044 118 --’

201 187 257 234 tia
293 185 632 235 matrimonium
666 194 798 250 quoad
832 195 962 252 ipsam.
998 193 1264 237 substantiam
1318 198 1545 236 contractus
1587 192 1620 237 el

197 263 377 306 valorem
410 263 581 317 vinculi,
616 279 663 306 ea
697 280 799 307 sane
835 264 971 308 robur
1007 280 1097 308 non
1119 263 1296 320 habent,
1321 277 1539 323 quantum
1564 264 1615 308 ad

203 334 453 377 nullitatem
509 335 801 389 matrimonii,
857 336 939 378 nisi
992 335 1190 378 Eeclesiac
1224 338 1438 379 accesserit
1471 344 1618 394 appro-

198 405 302 448 batia
335 405 421 463 (1).

245 592 290 625 (il
318 590 394 623 Huc
422 589 565 629 faciunt,
594 601 684 635 quae
712 590 746 623 in
775 590 875 636 epist.
913 592 970 626 cit.
999 592 1040 625 ad
1069 602 1193 636 regem
1221 591 1406 626 Sardiniae
1434 591 1617 637 leguntur:

199 661 214 678 a
240 649 321 682 Non
350 648 383 680 vi
404 650 421 681 e
450 657 614 693 pertanto
650 648 739 683 altro
779 660 903 683 mezzo
937 648 969 683 di
1005 648 1276 690 conciliazione‚
1311 650 1388 692 che,
1424 651 1613 685 ritenendo

198 707 331 740 Cesare
358 706 477 751 quello
506 706 583 740 ch'(=
610 719 687 749 suo,
714 706 797 741 lasci
827 706 894 742 alla
923 707 1055 742 Chiesa
1076 709 1130 741 cio
1151 708 1217 741 che
1238 707 1279 742 ad
1300 720 1379 742 essa
1401 709 1618 754 appartiene.
1638 700 1639 703 Ἴ

198 765 223 799 Il
250 774 374 810 potere
402 764 504 798 civile
531 766 706 810 disponga
734 778 820 811 pure
847 766 941 811 degli
970 767 1081 801 etl'etti
1110 766 1214 802 cix-ili.
1245 767 1309 801 che
1339 767 1510 802 der³vano
1527 768 1619 814 dalle

197 835 319 862 nome,
348 835 404 857 ma
431 822 515 857 lasci
545 823 612 858 alla
640 824 772 858 (Iliiesa
800 824 823 857 il
851 824 1039 869 regolarne
1074 825 1105 858 la
1145 825 1300 860 validita.
1342 825 1390 859 La
1431 825 1535 871 legge
1576 827 1621 861 ci-

198 882 268 916 vile
296 883 428 927 prenda
457 882 488 916 le
517 894 639 916 mosse
667 881 759 917 dalla
798 882 945 918 validitz'i
979 884 1024 918 od
1053 883 1236 919 invalidita
1280 884 1337 918 del
1376 885 1620 928 matrimonio,

197 953 301 976 come
329 944 406 975 sarii
434 940 526 975 dalla
555 941 687 975 Chiesa
727 942 974 983 determinata,
1020 953 1037 976 e
1074 943 1248 987 part-:ndo
1289 944 1331 977 da
1363 952 1491 988 questo
1519 943 1618 986 fattO,

198 1001 263 1034 che
292 1002 310 1034 e
338 1000 428 1034 fuori
458 1000 550 1034 della
577 1012 640 1034 sua
672 1000 766 1034 sfera
793 1000 815 1034 il
843 1001 1053 1041 costituirlo‚
1094 1002 1269 1046 disponga
1311 1001 1420 1036 allora
1449 1002 1541 1047 degli
1571 1001 1618 1036 es-

198 1059 272 1093 fetti
307 1059 411 1093 cix-ili.
439 1073 454 1091 υ
496 1059 552 1092 Ad
592 1070 668 1093 rem
707 1060 876 1100 Perrone,
916 1060 958 1093 de
998 1061 1153 1094 Matrim.
1191 1060 1210 1094 l.
1240 1061 1280 1094 ΙΙ.
1316 1069 1401 1094 sect.
1429 1061 1470 1094 ΙΙ.
1507 1072 1535 1094 c.
1568 1073 1618 1095 1.;

201 1130 216 1148 a
242 1118 327 1151 Dari
354 1118 539 1151 enimvero
566 1126 717 1162 possunt
744 1117 927 1162 legitimae
965 1129 1105 1159 causae,
1133 1119 1178 1152 ob
1206 1131 1292 1164 quas
1321 1120 1355 1152 in
1383 1119 1618 1164 peculiaribus

198 1177 380 1212 societatis
409 1177 583 1212 adiunctis
611 1177 765 1211 debeant
793 1190 811 1211 a
838 1178 1012 1223 regimine
1044 1177 1190 1223 politico
1220 1190 1257 1212 ac
1285 1179 1445 1212 humano
1472 1178 1619 1225 legisla-

198 1246 276 1271 tore
302 1236 494 1281 improbari
522 1247 669 1269 suorum
697 1236 921 1269 subditorum
946 1237 1102 1281 nuptiae,
1130 1247 1220 1281 quae
1250 1236 1407 1282 alioquin
1432 1248 1494 1282 per
1521 1249 1558 1271 se
1577 1237 1620 1271 li-

198 1297 288 1331 citae
316 1307 355 1330 ac
383 1295 566 1341 legitimae
594 1304 685 1330 sunt.
715 1295 808 1328 Cum
834 1307 921 1329 vero
949 1295 1109 1329 Ecclesia
1135 1296 1311 1329 rationem
1333 1296 1464 1330 habere
1492 1296 1620 1331 debeat

197 1355 439 1389 universitatis
468 1354 623 1389 filiorum
651 1366 809 1397 suorum,
838 1364 942 1400 atque
980 1354 1186 1389 abstrahere
1215 1366 1232 1388 a
1259 1354 1362 1388 malis
1389 1366 1452 1388 seu
1480 1355 1621 1389 incom-

198 1415 315 1449 modis
343 1413 632 1456 accidentalibus‚
659 1423 697 1448 ut
724 1414 791 1447 dici
830 1413 933 1455 solet,
960 1414 1064 1448 huius
1094 1414 1151 1448 vel
1190 1414 1282 1448 illius
1310 1415 1480 1461 regionis,
1515 1415 1619 1449 huius

200 1474 389 1509 alteriusve
417 1475 544 1520 gentis,
571 1485 659 1519 quas
687 1485 814 1508 omnes
854 1474 985 1519 pariter
1012 1486 1077 1508 suo
1106 1475 1141 1508 in
1168 1475 1307 1519 gremio
1347 1474 1615 1520 complectitur3

191 1545 279 1570 scum
307 1542 492 1578 praeterea
518 1532 678 1566 Ecclesia
706 1532 911 1567 abstrahere
939 1533 1066 1567 debeat
1095 1545 1112 1566 a
1139 1542 1345 1577 temporum
1371 1534 1558 1578 varietate,
1576 1533 1619 1568 ad

198 1605 289 1639 quae
316 1594 438 1627 omnia
465 1593 573 1628 etiam
600 1604 638 1626 se
666 1604 704 1626 se
732 1593 907 1633 extendit3
933 1604 1083 1627 necesse
1113 1602 1165 1627 est
1184 1602 1221 1627 ut
1239 1592 1376 1638 legibus
1393 1592 1619 1639 generalibus

198 1653 391 1698 prospiciat
417 1653 581 1686 omnium
608 1651 764 1686 filiorum
791 1663 938 1686 suorum
975 1652 1083 1693 bono,
1123 1652 1293 1697 quidquid
1333 1652 1379 1687 sit
1405 1652 1449 1686 de
1476 1651 1620 1697 speciali

200 1721 258 1747 aut
284 1711 452 1757 peculiari
482 1711 599 1756 aliquo
627 1711 873 1753 incommodo,
914 1712 1009 1756 quod
1037 1723 1079 1745 ex
1117 1722 1364 1756 personarum,
1390 1710 1553 1745 locorum
1580 1722 1620 1746 ac

198 1782 401 1817 temporum
428 1770 664 1816 peculiaribus
691 1771 865 1805 adiunctis
901 1782 1088 1817 emergere
1114 1771 1238 1816 possit.
1267 1771 1346 1805 Suis
1374 1771 1542 1805 nimirum
1567 1770 1621 1805 le-

197 1833 298 1877 gibus
324 1831 484 1865 Ecclesia
500 1831 681 1865 communi
700 1843 738 1865 ac
755 1831 944 1865 universali
963 1832 1072 1866 totius
1091 1832 1304 1866 christianae
1324 1832 1506 1866 societatis
1527 1843 1623 1866 com-

198 1891 308 1925 modo
335 1902 374 1924 ac
402 1890 542 1925 utilitati
561 1902 599 1924 se
621 1902 658 1924 se
680 1890 957 1924 accommodare
985 1890 1100 1924 debet.
1118 1891 1182 1924 Est
1201 1891 1297 1924 enim
1313 1891 1515 1925 communis
1542 1901 1620 1925 ma-

198 1960 251 1986 ter
279 1961 317 1984 ac
344 1950 472 1984 nutrix.
500 1950 672 1984 Attamen
713 1950 789 1984 fieri
823 1950 945 1995 utique
983 1958 1113 1994 potest,
1140 1959 1178 1984 ut
1216 1949 1410 1984 nonnullae
1442 1949 1619 1995 nuptiales

198 2009 470 2043 coniunctiones
498 2009 531 2041 in
560 2009 772 2054 quibusdam
801 2009 1005 2054 regionibus
1033 2008 1068 2041 in
1089 2009 1345 2043 detrimentum
1366 2008 1494 2043 cedant
1509 2009 1621 2043 socie-

198 2069 291 2111 tatis,
320 2067 413 2102 111313
440 2069 588 2113 pariant,
618 2068 912 2113 gravissimisque
943 2068 1122 2102 interdum
1161 2068 1402 2102 incommodis
1442 2068 1618 2103 obnoxiae

199 2128 279 2163 sint.
306 2128 396 2162 Hinc
424 2138 601 2173 coguntur
626 2127 851 2173 legislatores
878 2127 1049 2162 nonnulla
1080 2127 1306 2162 connubialia
1323 2127 1482 2171 foedera,
1500 2127 1619 2173 quoad

200 2187 274 2221 eius
302 2186 377 2220 fieri
405 2195 534 2231 potest,
562 2187 747 2231 impedire,
774 2187 987 2232 improbare,
1008 2186 1195 2232 illegitima
1227 2187 1421 2220 decernere
1440 2195 1475 2222 et
1494 2196 1618 2222 contra

198 2255 330 2282 statuta
357 2247 613 2281 contrahentes
639 2247 796 2292 plectere
824 2259 863 2282 ac
891 2258 1069 2282 coercere.
1109 2247 1202 2281 Cum
1230 2256 1350 2281 autern
1388 2251 1556 2293 nequeant
1581 2249 1618 2281 in

197 2316 319 2339 nexum
340 2306 446 2351 ipsum
474 2306 545 2338 vim
572 2317 715 2347 exerere,
744 2311 781 2339 ut
807 2307 947 2339 irritum
975 2306 1075 2339 illum
1094 2305 1242 2351 saciant,
1265 2306 1460 2351 nulliusque
1486 2307 1620 2341 roboris

198 2365 234 2398 in
262 2365 478 2405 conscicntia,
505 2364 632 2409 poenis
660 2364 788 2399 saltem
815 2364 976 2399 civilibus
1003 2364 1292 2399 animadvertunt
1318 2365 1353 2398 in
1381 2375 1455 2408 eos,
1483 2365 1542 2411 qui
1570 2365 1619 2401 ita

198 2423 424 2466 contrahunt,
452 2432 558 2469 atque
584 2432 623 2457 ut
649 2423 834 2471 illegitima
860 2424 991 2459 habent
1019 2424 1196 2458 connubia
1221 2424 1308 2459 inita
1336 2433 1459 2459 contra
1485 2425 1618 2470 patrias

197 2482 308 2528 leges.
334 2497 351 2516 η
