1705 2787
108 184 209 212 rum
244 167 569 222 membror·un]7
604 166 882 210 laudabiliter
917 179 958 210 et
983 166 1217 210 salubriter
1236 165 1523 210 abscinditur.

109 238 346 292 Quaelibet
380 250 531 281 autem
566 254 753 300 persona
789 238 1026 294 singularis
1061 250 1343 294 comparatur
1377 237 1428 280 ad
1458 250 1524 280 to-

108 323 199 354 tam
233 310 622 364 communitatem,
657 311 771 352 sicut
822 325 919 367 pars
953 309 1005 352 ad
1054 322 1217 352 totum.
1268 310 1321 351 Et
1356 309 1455 352 ideo
1490 310 1525 350 si

107 382 264 440 aliquis
291 381 428 423 homo
452 382 508 424 sit
533 382 810 437 periculosus
836 383 1149 424 communitati
1176 393 1217 423 et
1242 382 1524 438 corruptivus

107 455 243 512 ipsius
279 465 458 511 propter
492 452 672 510 aliquod
707 465 953 509 peccatum,
1002 452 1281 496 laudabiliter
1331 466 1372 496 et
1410 454 1525 497 salu-

109 525 242 569 briter
277 525 508 577 occiditur,
543 537 590 567 ut
626 523 796 567 bonum
832 540 1073 566 commune
1098 537 1401 568 conservetur.
1428 526 1525 567 Mo—

107 597 256 641 dicum
291 598 411 639 enim
437 596 709 639 fermentum
733 608 873 638 totam
898 611 1089 638 massam
1116 598 1366 653 corrumpit
1390 596 1476 654 (1)
1505 615 1523 636 n

83 669 342 726 .Inquirens
377 679 526 711 autem
570 668 757 710 ulterius
792 666 879 724 (2),
916 675 1049 710 utrum
1100 668 1277 710 occidere
1325 668 1524 710 hominem

99 749 348 798 peccatorem
382 739 493 782 liceat
520 740 710 796 privatae
748 747 963 795 personae,
1002 741 1061 781 sie
1111 739 1325 782 disserere
1359 741 1525 797 pergit:

110 812 279 855 «Sicut
314 811 483 854 dictum
520 822 600 865 est,
635 809 836 852 occidere
872 809 1203 853 malefactorem
1240 811 1411 854 licitum
1447 824 1526 867 est,

107 884 379 940 inquantum
415 880 647 924 ordinatur
682 880 734 922 ad
769 880 959 922 salutem
1001 881 1138 923 totius
1174 882 1526 924 communitatis.

107 955 160 998 Et
194 953 293 996 ideo
328 952 381 996 ad
416 953 543 996 illum
577 952 726 994 solum
762 952 968 1008 pertinet,
1004 953 1073 995 cui
1099 954 1399 996 committitur
1422 968 1525 995 cura

107 1024 446 1067 communitatis
482 1021 835 1065 eonservandae:
872 1022 985 1064 sicut
1011 1021 1061 1065 ad
1088 1022 1313 1066 medicum
1334 1025 1527 1081 pertinet

106 1095 356 1152 praecidere
390 1093 646 1139 membrum
682 1092 928 1151 putridum,
979 1094 1159 1151 quando
1211 1096 1248 1136 ei
1286 1096 1526 1137 commissa

105 1167 239 1210 fuerit
260 1182 364 1210 cura
388 1167 541 1211 salutis
567 1167 704 1209 totius
725 1167 939 1223 corporis,
961 1167 1077 1209 Cura
1099 1179 1249 1209 autem
1269 1169 1524 1210 communis

107 1238 212 1282 boni
261 1240 500 1281 commissa
549 1250 614 1280 est
660 1238 935 1295 principibus
986 1237 1252 1281 habentibus
1303 1238 1527 1295 publicam

104 1312 430 1355 auctoritatem.
467 1311 521 1353 Et
554 1309 654 1353 ideo
689 1311 750 1352 eis
775 1310 923 1352 solum
949 1310 1049 1352 licet
1076 1309 1381 1353 malefactores
1409 1312 1524 1354 occi-

106 1383 222 1439 dere,
257 1398 348 1426 non
382 1395 532 1426 autem
568 1383 747 1439 privatis
783 1383 998 1439 personis.
1027 1400 1046 1421 »

224 1454 270 1512 β)
304 1455 513 1512 Princeps
549 1455 686 1497 civilis
732 1454 864 1497 habet
908 1470 928 1496 a
964 1454 1154 1497 naturali
1188 1455 1283 1511 lege
1329 1454 1527 1498 officium

107 1525 431 1571 determinandi
457 1527 665 1569 socialem
692 1526 911 1581 ordinem,
937 1541 983 1568 ac
1009 1525 1356 1569 determinatum
1379 1540 1527 1569 custo-

106 1597 254 1641 diendi
288 1614 363 1640 seu
400 1598 705 1641 conservandi.
741 1596 823 1639 Sed
860 1597 1121 1639 huiusmodi
1147 1597 1345 1639 officium
1372 1613 1524 1640 secum

107 1669 190 1712 fert
224 1670 328 1711 haec
363 1669 483 1712 duo:
529 1670 745 1712 nimirum
782 1668 977 1710 officium
1027 1668 1289 1711 restituendi
1324 1668 1527 1711 ordinem

107 1740 317 1783 socialem
351 1741 386 1783 si
420 1739 598 1798 quando
648 1741 855 1794 violetur,
891 1753 932 1782 et
969 1739 1167 1782 officium
1219 1742 1352 1782 etiam
1390 1742 1529 1797 impe-

107 1811 255 1856 diendi
289 1811 521 1855 efficaciter
557 1828 610 1855 ne
644 1812 851 1855 violetur.
901 1813 1017 1854 Haec
1053 1811 1142 1854 duo
1178 1828 1282 1854 sane
1318 1813 1529 1869 praecipit

107 1885 157 1937 is,
192 1884 267 1941 qui
302 1884 431 1926 alicui
468 1884 664 1939 mandat,
700 1898 748 1927 ut
784 1883 989 1926 ordinem
1025 1883 1246 1926 custodiat
1281 1899 1326 1926 ac
1352 1899 1529 1926 conser-

108 1969 192 2000 vet.
230 1982 280 1986 ——
318 1956 535 2011 Iamvero7
570 1955 621 1998 ad
663 1963 729 1998 1.¹¹¹
765 1955 884 2012 quod
911 1957 1084 2010 attinet,
1111 1956 1335 1998 restitutio
1361 1954 1529 1999 ordinis

107 2026 155 2069 fit
189 2043 263 2084 per
291 2035 445 2084 poenas
471 2043 630 2084 easque
661 2029 990 2084 prupm‘lz'‹›ncllzzs
1027 2026 1113 2085 (3).
1150 2028 1217 2069 l.·'it
1253 2043 1328 2083 per
1357 2036 1526 2084 poenas.

106 2098 224 2154 Ergo
249 2099 452 2154 princeps
477 2098 614 2140 civilis
643 2097 771 2140 habet
797 2110 1063 2154 potestatem
1088 2097 1319 2154 infligendi
1346 2114 1526 2155 poenas.

110 2170 176 2212 Fit
211 2184 286 2226 per
321 2185 487 2227 poenas
516 2171 861 2226 proporliunalczs.
887 2170 1004 2225 Ergo
1030 2170 1063 2211 si
1088 2185 1171 2227 qua
1198 2183 1301 2212 sunt
1328 2171 1529 2225 crimina⁷

179 2331 233 2376 (1)
260 2332 282 2364 l.
314 2332 397 2365 Cor.
426 2333 468 2366 V.

175 2391 232 2435 (2)
261 2391 346 2425 Loc.
372 2403 453 2437 nup.
483 2394 541 2427 cit.
569 2407 597 2427 a.
633 2405 661 2438 3.
693 2393 746 2426 (Is.
778 2393 1042 2430 Hellarmiuum.
1075 2393 1095 2426 l.
1127 2393 1231 2435 paul«)
1260 2406 1335 2435 sup.
1364 2395 1421 2428 cit.

181 2450 232 2493 (3)
261 2449 352 2490 Vide
381 2462 495 2494 super.
525 2463 605 2497 pag.
638 2453 713 2494 joel.
