1705 2787
793 79 1023 134 —35—

192 183 283 224 tatis
308 182 508 239 pt’rfhctcw
540 180 758 238 delinitio).
783 182 825 224 Si
848 181 947 238 quid
970 182 1124 224 horum
1145 181 1252 224 forte
1276 181 1393 235 desit,
1421 181 1508 225 fieri
1532 197 1621 226 non·

194 265 328 309 potest
351 252 547 305 absolute,
582 264 623 293 ut
658 252 756 294 haec
788 254 961 295 societas
993 251 1067 295 sibi
1094 254 1169 309 ipsi
1191 252 1376 296 sufficiat.
1405 270 1426 294 ›>
1455 278 1507 283 —
1532 253 1621 296 Hac

196 324 505 366 enumeratione
544 339 680 365 rerum
713 338 782 365 seu
816 337 1003 378 operum,
1039 339 1141 380 quae
1174 323 1225 367 ad
1257 325 1465 366 civitatem
1487 339 1626 367 neces—

196 395 298 436 saria
330 406 435 445 sunt,
470 395 719 449 praestituta,
749 394 803 435 sic
826 393 1110 450 Philosophus
1142 393 1374 438 concludit:
1413 411 1432 434 «
1460 393 1620 448 Quum,

197 466 320 521 igitur
357 480 427 521 per
459 464 530 506 has
579 465 838 519 operationes
887 465 1096 507 civitatem
1148 466 1369 508 consistere
1418 477 1621 522 oporteat,

196 551 357 578 necesse
380 547 450 587 est,
472 547 514 576 ut
534 536 574 577 in
595 536 757 576 cix-itate
777 536 857 577 sint
879 561 929 565 —
952 536 1145 592 agricolae
1168 537 1237 592 qui
1259 537 1300 578 in
1323 535 1415 578 cibo
1437 534 1625 592 parando

195 608 274 648 sint
308 607 494 663 occupati
531 632 583 636 —
617 604 784 662 artifices
820 632 871 636 -
909 607 1048 649 milites
1082 633 1135 637 —
1169 607 1364 665 locupletes
1399 633 1451 638 —
1488 620 1625 649 sacer-

195 677 298 719 dulcs
334 702 385 706 —
419 678 545 718 stricti
580 677 676 718 iuris
725 691 769 719 ac
818 676 1145 721 commodorum
1187 678 1331 721 indices
1373 694 1444 720 seu
1491 679 1624 736 magi-

198 756 353 791 ttmztus.
392 765 412 787 »
651 745 660 759 '

281 825 349 868 ΠΙ.
385 823 515 875 Quod
548 826 692 867 attinet
725 824 775 868 ad
807 827 987 879 tertium,
1027 842 1122 869 cum
1154 826 1266 868 Deus
1310 826 1409 869 velit
1451 827 1623 870 societa-

195 909 280 938 tem
311 895 489 948 civilem,
524 888 698 952 cumque
732 895 781 939 ad
815 912 906 939 eam
936 897 1000 955 (ut
1032 913 1174 940 revera
1205 896 1409 939 sufficiens
1440 913 1511 947 seu
1532 913 1626 955 per-

196 967 298 1010 fecta
328 966 399 1024 sit)
429 966 636 1023 praedicta
668 966 904 1011 officiorum
936 969 1149 1012 diversitas
1181 970 1436 1026 requiratur3
1470 969 1521 1013 ad
1553 969 1621 1013 di-

196 1041 335 1082 vinam
367 1039 671 1096 providentiam
703 1053 856 1097 spectat
888 1040 1064 1095 efficere,
1098 1058 1149 1085 ne
1182 1058 1228 1084 ea
1278 1040 1515 1085 officiorum
1556 1058 1626 1085 va·

202 1112 320 1153 rietas
353 1110 466 1154 desit.
500 1111 546 1155 Id
578 1124 716 1154 autem
749 1111 887 1155 divina
907 1113 1167 1169 providentia
1193 1112 1354 1155 fortiter
1377 1128 1423 1155 ac
1445 1113 1622 1156 suaviter

195 1180 332 1235 efficit,
365 1182 557 1225 humanis
590 1184 736 1225 animis
780 1183 963 1227 indendo
1006 1200 1205 1242 magnam
1253 1183 1529 1241 aptitudinum
1572 1183 1622 1227 ad

197 1253 307 1294 varia
339 1251 406 1294 illa
439 1251 573 1295 officia
605 1268 675 1294 seu
708 1255 1037 1310 propensionum
1070 1256 1322 1298 varietatem.
1357 1254 1454 1306 Qua
1496 1253 1552 1298 de*
1578 1269 1626 1296 re·
1676 1307 1682 1313 ι

195 1324 444 1380 experientia
475 1325 561 1380 ipsa
594 1336 766 1367 constat.
801 1324 1004 1368 Videmus
1036 1327 1160 1379 enim,
1197 1325 1309 1383 quod
1342 1327 1385 1368 in
1417 1341 1501 1368 uno
1549 1325 1627 1368 ho-

196 1396 308 1437 mine
340 1395 525 1451 aptitudo
548 1396 652 1437 inest
675 1395 725 1439 ad
747 1395 926 1452 populos
949 1396 1195 1453 sapientibus
1218 1396 1378 1454 legibus
1397 1395 1627 1454 gubernan-

195 1466 270 1509 dos
302 1465 377 1524 (lm
410 1480 520 1508 nasce
559 1465 731 1524 Solone)
765 1468 806 1509 in
839 1467 920 1510 alio
954 1467 1167 1510 inclinatio
1201 1469 1304 1510 inest
1338 1468 1389 1511 ad
1422 1469 1622 1511 exercitus

194 1539 398 1596 regendos
429 1539 494 1597 (ed
527 1541 627 1583 altro
666 1539 808 1597 Seme)
844 1541 886 1582 in
921 1540 1001 1582 hoc
1034 1552 1094 1582 est
1130 1542 1354 1597 propensio
1401 1541 1452 1584 ad
1495 1555 1622 1584 sacer-

195 1609 347 1652 dotalia
378 1625 548 1652 numera
579 1610 700 1668 (altro
735 1609 1039 1667 Melcbisedecb)
1075 1611 1116 1653 in
1150 1610 1223 1653 illo
1258 1611 1308 1654 ad
1332 1623 1438 1653 artes
1460 1609 1625 1653 mecha—

196 1682 305 1722 nicas
337 1693 403 1723 aut
436 1680 618 1723 liberales
650 1682 716 1740 (ed
748 1682 848 1724 alti-0
882 1682 998 1739 quello
1032 1681 1091 1724 cha
1122 1681 1292 1724 volando
1324 1691 1397 1739 per
1429 1682 1556 1724 l’czere
1599 1681 1623 1724 il

185 1750 300 1809 figlio
326 1760 452 1809 perse,
505 1752 686 1810 Dcdalo).
735 1753 846 1795 Haec
880 1752 1030 1795 scilicet
1071 1753 1263 1796 naturalis
1313 1753 1484 1796 diversa
1514 1751 1627 1795 habi-

195 1822 296 1865 tudo
338 1822 576 1880 (accedente
624 1825 818 1866 varietate
867 1825 1148 1877 occasionum,
1199 1823 1447 1877 commodo,
1491 1823 1621 1876 lucro,

197 1893 358 1935 honore
391 1893 490 1951 etc.)
521 1895 615 1936 satis
647 1910 850 1951 superque
882 1907 954 1947 est,
989 1908 1032 1937 ut
1078 1911 1306 1952 numquam
1358 1894 1503 1947 desint,
1554 1895 1634 1956 qui

198 1962 275 2004 illis
309 1963 454 2006 officiis
486 1964 710 2022 fungantur
740 1965 912 2024 (1).:
946 1966 1054 2008 Hinc
1087 1978 1224 2008 autem
1257 1965 1306 2008 ad
1342 1965 1495 2008 thesim
1517 1964 1621 2007 hanc

199 2032 526 2076 confirmandam
561 2034 744 2078 validum
777 2037 864 2078 erui
887 2048 1023 2092 potest
1047 2048 1354 2092 argumentum.
1381 2035 1489 2078 Cum
1510 2035 1622 2077 Deus

198 2103 299 2145 nihil
332 2116 484 2146 temere
517 2118 584 2147 aut
617 2122 709 2148 casu
734 2120 937 2163 operetur,
963 2123 1132 2150 curnam
1155 2109 1305 2150 nostris
1329 2108 1475 2149 animis
1497 2106 1620 2149 talem

200 2175 365 2215 inseruit
399 2176 674 2230 aptitudinum
706 2180 959 2231 varietatem,
984 2180 1015 2221 si
1048 2178 1273 2221 solitariam
1295 2180 1422 2221 vitam
1449 2177 1497 2221 ab
1527 2177 1624 2220 alio—

198 2260 287 2285 rum
323 2260 372 2286 co
386 2248 533 2288 isortio
567 2249 735 2289 seiuncti
770 2264 890 2303 agere
923 2248 1195 2292 deberemus?
1228 2249 1338 2291 Haec
1372 2248 1526 2290 scilicet
1567 2247 1623 2290 di-

198 2317 314 2358 vinae
348 2319 567 2372 s.1pientiae
601 2318 829 2373 dispositio,
864 2336 966 2376 quae
991 2321 1145 2375 optime
1179 2319 1420 2376 explicatur,
1445 2317 1622 2361 admissa

269 2448 321 2495 (1)
349 2449 402 2483 Cf.
432 2462 455 2483 s.
488 2450 555 2482 Th.
584 2449 690 2494 suppl.
720 2462 751 2494 q.
791 2461 835 2491 μ.
866 2462 893 2483 a.
924 2461 953 2484 2.
983 2451 1023 2484 ad
1055 2460 1121 2492 lm.
