1705 2787
770 82 1029 126 „230—

189 176 310 236 quod
345 176 494 232 vultis,
527 175 616 219 mei
649 174 817 219 arbitrii
851 188 931 232 est,
965 190 1057 218 non
1080 174 1228 219 vestri.
1254 175 1308 219 Et
1329 190 1407 219 vos
1426 173 1608 235 quidem

188 263 416 307 tamquam
451 247 653 291 subditos
689 249 918 305 quiescere
952 247 1092 304 decet,
1125 262 1197 290 me
1220 263 1326 291 vero
1350 260 1505 306 utpote
1521 248 1609 292 Im-

189 334 439 379 peratorem
476 319 582 377 quid
617 319 839 376 agendum
873 320 929 362 sit
976 332 1186 377 spectare.
1237 319 1510 363 Huiusmodi
1543 335 1608 366 re-

188 406 355 448 sponso
390 389 508 446 dato,
545 403 644 433 tum
680 389 862 447 quidem
901 389 1119 433 militibus
1161 391 1347 434 minime
1380 390 1607 448 obtempe-

190 461 313 503 ravit.
359 460 497 502 Paulo
549 472 649 516 post
694 471 843 502 tamen
893 460 1336 517 Constantinopolim
1378 461 1606 517 ingressus

189 532 369 576 fratrem
405 534 723 589 imperatorem
757 533 1088 575 renuntiavit.»

307 602 389 661 8.⁰)
438 603 501 645 Ex
551 602 617 645 his
663 602 872 645 omnibus
921 603 1167 659 colligunt,
1211 617 1481 645 consensum
1529 617 1604 646 seu

189 675 452 718 electionem
488 675 826 717 communitatis
861 689 954 716 esse
989 673 1153 717 factum
1188 674 1310 728 illud,
1344 689 1395 717 ex
1418 688 1507 733 quo
1525 674 1607 717 irn-

188 745 377 790 mediate
412 745 574 803 pendet
608 745 925 789 determinatio
974 744 1143 788 formae
1192 746 1390 803 specialis
1425 758 1467 790 et
1500 745 1608 788 certi

187 817 387 861 subiecti.
423 818 577 873 Aiunt,
611 818 745 860 talem
796 818 1216 861 determinationem
1259 832 1351 860 non
1386 816 1481 860 fieri
1514 817 1608 860 sine

189 890 440 932 interventu
475 888 695 932 humanae
729 888 994 932 voluntatis:
1039 890 1177 944 aiunt,
1213 887 1307 932 fieri
1340 904 1392 931 ex
1425 887 1607 931 arbitrio

188 959 402 1002 humano.
435 960 499 1002 Ita
533 959 831 1002 Bellarminus
866 958 962 1017 (1):
1003 977 1023 999 «
1051 960 1169 1001 Haec
1204 971 1396 1016 potestas
1431 959 1476 1003 in
1511 973 1607 1016 par-

186 1031 357 1074 ticulari
393 1042 457 1073 est
491 1030 672 1088 quidem
696 1046 718 1072 a
742 1032 852 1086 Deo,
876 1029 951 1072 sed
975 1029 1197 1073 mediante
1221 1030 1408 1073 consilio
1433 1042 1474 1072 et
1498 1029 1607 1073 elec-

189 1103 308 1145 tione
344 1101 598 1144 hominum.
626 1119 644 1141 »
678 1102 731 1144 Et
766 1101 997 1143 Suaresius
1031 1099 1127 1158 (2):
1155 1118 1175 1140 «
1199 1101 1315 1142 Haec
1339 1112 1532 1157 potestas
1557 1116 1607 1142 ex

188 1186 344 1216 natura
377 1174 438 1215 rei
473 1184 538 1215 est
572 1172 826 1215 immediate
865 1173 906 1214 in
934 1172 1279 1214 communitate:
1306 1187 1411 1228 ergo
1437 1183 1484 1214 ut
1509 1172 1606 1214 inste

188 1246 367 1302 incipiat
401 1261 494 1287 esse
528 1246 573 1287 in
618 1245 762 1302 aliqua
807 1259 994 1301 persona
1041 1256 1269 1301 tamquam
1318 1244 1364 1286 in
1397 1259 1606 1300 supremo

186 1316 398 1373 principe,
433 1330 611 1358 necesse
645 1327 710 1357 est
744 1327 793 1358 ut
827 1332 879 1357 ex
915 1329 1137 1357 consensu
1175 1314 1511 1356 communitatis
1544 1313 1607 1358 illi

187 1384 470 1429 tribuatur.»
518 1386 571 1428 Et
604 1384 650 1428 in
699 1384 967 1442 compendio
1013 1385 1146 1427 etiam
1196 1383 1501 1426 Salmaticensi
1533 1382 1607 1441 (3)

187 1456 441 1514 quaestioni
474 1455 591 1511 huic,
616 1472 670 1498 an
694 1467 888 1513 potestas
923 1455 1166 1512 legislativa
1201 1454 1339 1497 civilis
1373 1455 1607 1498 conveniat

188 1527 375 1585 principi
407 1526 662 1569 immediate
696 1542 718 1569 a
751 1527 862 1582 Deo,
898 1526 1128 1583 responsio
1163 1525 1268 1567 haec
1301 1524 1442 1568 datur:
1479 1542 1499 1565 «
1520 1525 1606 1568 Ve-

188 1599 279 1641 rius
313 1596 473 1640 dicitur
507 1613 598 1640 non
633 1597 859 1640 immediate
893 1595 968 1639 sed
1001 1596 1199 1639 mediante
1225 1594 1367 1653 populi
1409 1610 1607 1638 consensu

187 1669 307 1713 illam
341 1684 415 1711 eos
450 1684 472 1711 a
506 1670 602 1712 Deo
636 1670 843 1726 recipere.
871 1686 890 1708 »

308 1739 386 1798 9.⁰)
410 1741 526 1782 Hinc
551 1755 741 1796 regnum
766 1739 985 1782 saeculare
1009 1750 1052 1782 et
1073 1739 1372 1796 principatum
1407 1737 1606 1794 ecclesia-

188 1811 365 1866 sticum,
389 1825 522 1868 quem
548 1810 762 1853 Summus
788 1809 992 1853 Pontifex
1015 1810 1060 1852 in
1080 1809 1271 1853 Ecclesia
1292 1807 1460 1851 Christi
1479 1810 1605 1865 gerit,

189 1879 323 1923 simul
356 1892 678 1937 comparantes,
729 1879 876 1936 plures
927 1880 1152 1936 assignant
1201 1877 1483 1933 differentias,
1530 1877 1605 1922 sed

259 2028 316 2073 (1)
342 2029 396 2062 De
425 2028 550 2069 Laicis,
579 2027 600 2062 l.
629 2028 688 2062 III.
716 2039 745 2062 c.
772 2026 802 2061 6.

257 2083 312 2128 (2)
339 2085 393 2118 De
422 2084 527 2131 legib.
556 2084 576 2118 l.
605 2085 668 2118 ΙΙΙ.
709 2097 739 2119 c.
765 2094 797 2127 4.
825 2095 921 2118 num.
951 2094 984 2118 2.
1002 2103 1043 2109 —
1064 2084 1109 2119 Et
1138 2083 1270 2117 ibidem
1304 2083 1410 2129 paulo
1445 2084 1606 2129 superius

188 2143 340 2177 dixerat:
369 2155 384 2173 «
404 2143 502 2178 Licet
530 2143 618 2178 haec
646 2153 807 2189 potestas
835 2142 997 2178 absolute
1024 2143 1069 2177 sit
1095 2143 1138 2177 de
1165 2143 1239 2176 iure
1259 2151 1416 2185 naturae,
1436 2143 1606 2177 determi-

188 2202 286 2236 natio
315 2203 388 2237 eius
417 2203 458 2236 ad
488 2211 624 2237 certum
654 2203 803 2237 modum
832 2203 1024 2248 potestatis
1052 2212 1086 2237 et
1112 2202 1295 2248 regiminis
1323 2211 1436 2236 estex
1463 2202 1605 2237 arbitrio

187 2261 347 2296 hnmano
375 2289 381 2296 .
408 2287 419 2297 .
444 2289 452 2296 .
479 2289 486 2296 .
514 2262 648 2307 pendet
675 2271 751 2297 tota
779 2262 868 2296 haec
885 2273 942 2296 res
963 2273 1005 2296 ex
1023 2261 1181 2296 humano
1200 2261 1353 2296 consilio
1370 2270 1404 2295 et
1418 2261 1603 2295 arbitrio.»

190 2341 232 2347 —
259 2322 299 2356 In
325 2333 401 2368 cap.
426 2332 459 2365 4.
485 2334 518 2356 n.
545 2332 589 2364 4.,
617 2322 662 2356 air
689 2334 907 2357 consensum
934 2322 1146 2368 reipublicae
1174 2333 1280 2362 posse
1299 2332 1377 2356 esse
1391 2320 1449 2356 vel
1474 2320 1605 2355 exhibi-

196 2384 264 2414 tum
289 2380 349 2415 vel
373 2380 531 2414 debitum.
561 2380 666 2421 Quae
693 2380 801 2415 verba
828 2389 911 2415 sunt
936 2381 1027 2415 bene
1052 2379 1221 2415 notanda.

262 2437 318 2482 (3)
346 2436 465 2474 Tract.
494 2438 551 2473 ΙΙΙ,
583 2438 625 2473 de
656 2438 724 2484 leg.
754 2450 832 2484 cap.
861 2448 892 2472 2.
