1705 2787
119 174 139 196 «
176 147 451 199 Sententiam
494 156 786 202 illustrissimi
831 159 1087 202 Bellarmini
1132 162 1378 218 antiquam7
1425 162 1540 201 rece—v

116 239 252 284 ptam,
286 241 436 270 veram
470 242 517 269 ac
552 244 848 272 necessariam
883 244 976 272 esse
1011 245 1262 274 censemus.
1298 246 1319 271 2>

207 300 328 341 Haec
361 299 582 341 sententia
617 299 703 342 huc
740 299 928 343 breviter
955 300 1090 344 redit:
1119 318 1139 342 (ι
1166 302 1365 344 Potestas
1388 299 1544 356 civilis,

117 371 291 427 quoties
324 370 369 412 in
405 384 496 412 uno
530 369 716 412 homine
748 370 819 413 vel
850 372 1049 428 principe
1085 373 1317 430 reperitur,
1342 371 1543 428 legitimo

116 459 164 486 ac
198 442 425 486 ordinario
459 443 569 498 iure,
603 458 625 485 a
659 443 827 500 populo
862 444 930 487 vel
963 446 1290 488 communitate
1334 443 1544 498 manavit,

116 514 183 557 vel
216 514 418 571 proxime
451 512 519 555 vel
552 525 741 569 remote,
780 528 859 556 nec
908 526 1055 571 potest
1105 514 1229 558 aliter
1280 513 1446 569 haberi,
1495 524 1543 555 ut

116 586 233 628 iusta
267 585 323 626 sit
343 618 352 626 .
373 618 381 626 .
403 618 411 626 .
447 584 507 626 Ut
541 584 622 626 ista
655 596 849 641 potestas
886 585 1066 643 incipiat
1089 601 1183 628 esse
1207 587 1251 628 in
1276 585 1422 643 aliqua
1445 599 1542 642 per-

115 671 227 700 sona
261 669 490 714 tamquam
522 656 569 698 in
603 671 817 712 supremo
850 657 1065 714 principe,
1100 673 1278 701 neccsse
1312 669 1379 700 est
1414 668 1463 699 ut
1489 672 1542 699 ex

116 743 337 771 consensu
387 728 727 770 communitatis
777 726 839 770 illi
885 728 1106 772 tribuatur
1153 728 1240 788 (1).
1292 746 1312 769 »
1363 728 1413 771 In
1462 727 1542 770 hac

117 800 252 855 igitur
286 798 507 841 sententia
539 812 785 840 consensus
813 813 888 840 seu
925 799 1083 841 electio
1113 799 1452 841 communitatis
1477 808 1542 839 est

116 869 277 912 modus
311 871 472 925 unicus,
505 883 595 927 quo
629 869 789 926 aliquis
824 869 1065 913 homos&
1108 882 1260 912 coetus
1301 869 1540 912 hominum

116 955 261 1000 potest
294 942 524 998 pervenire
559 942 603 983 in
638 940 886 997 legitimam
929 941 1067 984 civilis
1118 942 1391 999 principatus
1441 955 1541 998 pos·

119 1014 380 1056 sessionem.

207 1085 273 1127 De
307 1084 552 1126 sententiae
587 1083 720 1126 huius
785 1084 968 1126 veritate
1003 1084 1169 1126 nostris
1204 1082 1360 1126 diebus
1395 1081 1542 1138 multi,

119 1156 240 1213 iique
274 1153 447 1211 probati
480 1165 683 1196 auctores
719 1152 939 1196 dubitant.
976 1154 1153 1197 Etenim
1188 1152 1326 1210 modi,
1377 1151 1538 1211 quibus

115 1227 275 1284 aliquis
310 1226 379 1269 vel
412 1226 550 1269 homo
583 1225 652 1269 vel
685 1238 840 1268 coetus
877 1226 1115 1269 hominum
1156 1237 1303 1284 potest
1337 1225 1388 1268 de
1423 1239 1541 1268 novo

119 1313 167 1341 ac
202 1298 400 1355 legitime
433 1295 517 1339 sibi
550 1297 779 1355 acquirere
813 1312 1072 1354 supremam
1100 1295 1542 1354 potestatem‚plures

116 1381 210 1410 esse
229 1367 451 1410 videntur:
475 1381 524 1410 ac
542 1367 792 1425 praecipue,
816 1366 990 1422 electio,
1010 1367 1180 1409 iustum
1203 1366 1382 1423 bellum,
1402 1367 1543 1409 cessio

115 1455 193 1483 seu
230 1437 428 1495 donatio,
464 1439 701 1481 necessitas
736 1438 909 1496 publica
944 1437 1032 1497 (2).

101 1673 216 1712 ,tanti
244 1673 412 1715 doctoris7
441 1673 503 1707 sed
531 1673 640 1708 etiam
667 1672 876 1708 BelIarmini
906 1681 938 1706 et
967 1672 1117 1706 aliorum
1144 1672 1403 1716 praestantium
1446 1671 1547 1707 theo-

133 1745 288 1780 ogorurn
317 1734 458 1768 habeat.
474 1748 490 1766 »
511 1734 566 1767 De
587 1733 762 1778 aliquibus
782 1744 824 1766 ex
845 1732 1106 1777 praestantibus
1128 1732 1226 1765 hisce
1246 1732 1426 1778 theologis
1446 1744 1546 1767 men-

116 1792 254 1826 tionem
283 1792 353 1825 iam
383 1790 544 1825 fecimus.
573 1791 621 1825 Ut
649 1791 757 1825 alium
795 1792 973 1835 insignem
1014 1790 1202 1823 doctorem
1244 1790 1402 1832 afferam,
1430 1802 1455 1824 s.
1485 1790 1546 1824 Al-

114 1850 273 1895 plionsus
301 1850 344 1884 de
372 1850 527 1895 Liguori,
555 1848 666 1883 theol.
695 1861 784 1883 mor.
812 1858 912 1883 tract.
942 1849 984 1881 de
1014 1847 1083 1893 leg.
1112 1860 1145 1883 n.
1178 1857 1264 1889 104„
1293 1848 1342 1882 sic
1370 1848 1543 1893 loquitur:

119 1923 133 1940 τ(
157 1910 306 1944 Certum
335 1919 388 1944 est
415 1910 488 1943 dari
516 1910 551 1942 in
579 1909 784 1943 hominibus
825 1917 1042 1953 potestatem
1072 1907 1206 1941 serendi
1248 1907 1357 1952 leges,
1393 1908 1456 1942 sed
1484 1920 1545 1953 po-

117 1979 227 2006 testas
255 1970 347 2004 haec
375 1969 492 2014 quoad
522 1969 620 2014 leges
649 1969 770 2003 civiles
799 1981 817 2003 a
844 1978 969 2003 natura
997 1969 1132 2002 nemini
1162 1969 1334 2013 competit
1362 1970 1427 2003 nisi
1447 1981 1546 2003 com-

117 2030 281 2064 munitati
308 2029 510 2071 hominum,
539 2038 574 2063 et
601 2029 643 2062 ab
670 2028 735 2062 hac
763 2027 973 2062 transfertur
1001 2028 1035 2061 in
1076 2039 1185 2061 unum
1214 2027 1271 2062 vel
1300 2029 1333 2062 in
1361 2028 1490 2074 plures,
1520 2042 1539 2064 a

116 2090 240 2136 quibus
269 2090 509 2124 communitas
536 2098 722 2135 regatur.»
753 2108 794 2114 —-
824 2089 1023 2123 Elencliuni
1040 2124 1043 2126 ,
1063 2089 1192 2123 horum
1221 2098 1408 2123 auctorum
1434 2091 1545 2125 tradit

118 2151 419 2193 Costa-Rossetti‚
448 2162 505 2196 op.
527 2151 585 2185 cit.

185 2211 241 2255 (1)
269 2212 320 2246 Ita
347 2212 491 2254 Suarez,
519 2212 561 2245 de
589 2211 659 2256 leg.
697 2210 718 2245 l.
745 2210 805 2244 111.
834 2222 863 2245 c.
891 2220 923 2252 4.
952 2222 1049 2244 num.
1078 2221 1109 2244 2.

186 2272 243 2316 (2)
270 2272 496 2306 Mentionem
522 2282 595 2305 non
633 2270 762 2304 faciam
789 2270 827 2303 de
865 2270 1097 2316 designatione
1137 2271 1286 2305 alicuius
1315 2273 1348 2306 in
1376 2284 1487 2318 regem
1514 2277 1547 2306 ct

117 2330 301 2365 collatione
322 2331 503 2376 potcstatis
531 2330 597 2375 ipsi
615 2329 714 2374 sacta
747 2327 941 2363 immediate
968 2330 1008 2362 ab
1048 2329 1119 2375 ipso
1148 2329 1234 2371 Deo,
1261 2341 1378 2376 neque
1404 2331 1443 2365 de
1467 2343 1545 2366 suc-

118 2392 261 2426 cessione
288 2389 532 2425 haereditaria.
560 2408 602 2415 -
631 2388 687 2423 Ad
706 2389 860 2435 primum
879 2388 974 2435 quod
995 2397 1143 2431 spectat,
1164 2388 1233 2424 hoc
1253 2389 1334 2425 licet
1350 2390 1542 2436 aliquando

123 2450 167 2487 sit
193 2451 338 2496 sactum,
367 2458 404 2485 ut
430 2450 466 2484 in
493 2447 577 2484 Saul
605 2456 639 2484 et
665 2447 815 2492 Davidc,
854 2456 976 2483 tamen
1003 2446 1089 2482 illud
1117 2446 1181 2485 fuit
1221 2449 1541 2486 extraordinarium
