1705 2787
631 119 680 124 ff
721 107 796 149 393
841 110 888 123 *-

49 228 71 256 a
105 213 285 271 privatis
319 212 371 255 ad
406 227 662 266 commune,
687 210 856 255 mederi
879 227 924 253 se
947 226 1077 268 posse
1100 212 1323 268 praesenti
1346 209 1464 253 malo

49 284 70 342 (
103 285 129 327 i.
165 300 200 327 e.
235 284 421 326 miserae
455 283 827 340 calamitosaeque
877 281 1097 338 fortunae,
1146 283 1191 325 in
1225 297 1311 341 qua
1345 280 1470 339 plebs

49 355 274 414 versatur)
307 353 594 411 arbitrantur,
635 370 702 397 res
738 367 779 396 et
814 353 1052 397 commoda
1102 355 1216 396 inter
1251 355 1366 397 cives
1400 368 1469 396 ae-

49 425 285 484 quabiliter
318 425 606 483 partiendo.»
631 427 910 482 Argumenta
932 425 1143 469 adversus
1179 425 1291 468 hanc
1327 425 1472 468 Socia-

50 498 252 540 listarum
287 497 548 554 opinionem
582 497 851 540 afferuntur:
888 498 948 540 sic
981 510 1130 540 autem
1165 495 1470 539 concluditur:

55 567 217 612 «Illud
252 568 501 611 Socialismi
534 568 746 625 placitum
780 568 832 612 de
876 567 1236 626 possessionibus
1272 569 1316 610 in
1351 582 1471 609 com-

53 656 190 684 mune
225 640 477 697 redigendis
513 642 702 686 omnino
737 640 961 698 repudiari
1009 653 1231 698 oportere,
1283 641 1385 699 quia
1420 640 1471 682 iis

54 714 159 770 ipsis
193 711 355 771 quibus
390 724 455 754 est
490 712 804 769 opitulandum
839 725 984 768 nocet,
1019 711 1295 755 naturalibus
1321 713 1472 768 singu-

55 786 201 828 lorum
236 783 409 827 iuribus
444 796 678 841 repugnat,
712 783 853 826 officia
891 784 1157 842 reipublicae
1182 783 1473 842 tranquillita-

54 870 235 914 temque
269 869 560 898 communem
595 855 838 912 perturbat.
874 856 1050 898 Maneat
1085 871 1206 912 ergo,
1231 870 1332 898 cum
1357 853 1473 912 plebi

55 926 302 971 sublevatio
336 927 581 984 quaeritur,
618 926 701 969 hoc
736 928 779 969 in
816 928 969 984 primis
1006 926 1158 969 haberi
1192 926 1475 969 fundamenti

55 1000 192 1042 instar
227 1011 449 1056 oportere,
484 999 673 1056 privatas
713 1000 1019 1055 possessiones
1055 999 1263 1042 inviolate
1298 1013 1474 1041 servan—

22 1090 26 1094 ·
58 1071 147 1114 das.
170 1088 190 1110 »
227 1070 314 1129 (1).

146 1143 288 1186 Multa
322 1144 367 1185 in
403 1142 481 1185 hac
515 1143 654 1200 priori
689 1154 809 1200 parte
836 1142 1069 1199 habentur,
1095 1144 1255 1201 quibus
1282 1158 1344 1199 ea,
1363 1158 1475 1201 quae

58 1216 109 1261 de
143 1214 436 1260 relationibus
470 1215 764 1259 domesticam
798 1217 911 1258 inter
947 1228 987 1258 et
1022 1215 1196 1259 civilem
1217 1216 1476 1257 societatem

59 1287 251 1332 diximus
285 1286 333 1344 (2
339 1288 374 1346 ),
410 1288 573 1330 mirum
611 1288 653 1329 in
690 1286 876 1330 modum
926 1288 1222 1330 illustrintur
1258 1287 1333 1330 Est
1370 1304 1390 1326 ‹<
1417 1286 1477 1329 fa·

58 1360 178 1402 milia
212 1374 287 1402 seu
326 1359 511 1401 societas
547 1357 804 1414 domestica,
839 1374 1049 1416 perptrxt
1085 1359 1155 1401 1111
1180 1358 1375 1416 quidem,
1402 1357 1476 1400 sed

58 1447 157 1475 vaeri
192 1433 394 1486 societas,
439 1430 682 1488 eademque
722 1432 846 1473 ornni
896 1432 1070 1474 civitate
1121 1432 1373 1488 tutiquior3
1407 1431 1477 1472 cui

58 1516 290 1561 propterei
326 1518 403 1545 sua
438 1502 654 1560 quaedam
689 1504 781 1546 iura
819 1502 1052 1560 officilque
1079 1518 1144 1544 es
1135 1518 1171 1544 e
1198 1517 1375 1545 necesse
1397 1513 1477 1555 est,

59 1590 169 1632 quae
204 1575 390 1617 minime
425 1573 644 1631 pendeant
678 1591 700 1617 a
734 1574 1016 1631 republica....
1044 1574 1168 1616 Velle
1195 1586 1243 1616 ut
1269 1572 1477 1631 pervadat

5 1655 8 1699 ζ
59 1646 185 1690 civile
218 1647 459 1703 imperium
493 1645 707 1689 arbitratu
743 1662 825 1689 suo
871 1661 1010 1703 usque
1045 1645 1095 1688 ad
1132 1646 1288 1687 intima
1321 1643 1477 1687 domo-

61 1732 175 1773 rum,
210 1732 400 1774 magnus
434 1733 481 1760 ac
525 1718 802 1774 perniciosus
851 1730 914 1760 est
964 1732 1101 1760 error.
1156 1717 1288 1759 Certe
1323 1718 1357 1758 si
1392 1732 1477 1774 qua

0 1799 1 1848 j
60 1790 172 1834 forte
207 1789 370 1834 familia
415 1791 459 1832 in
494 1806 671 1833 summa
715 1806 867 1833 rerum
903 1790 1159 1833 difficultate
1209 1788 1475 1847 consiliique

62 1864 211 1921 inopia
254 1875 469 1919 versetur,
506 1876 553 1906 ut
597 1862 698 1906 inde
733 1879 777 1905 se
813 1865 903 1920 ipsa
949 1861 1151 1920 expedire
1192 1862 1315 1905 nullo
1351 1874 1479 1919 pacto

0 1923 23 1944 ³
63 1937 216 1994 possit,
251 1947 423 1980 rectum
468 1948 532 1978 est
577 1934 805 1978 subveniri
848 1935 1024 1992 publice
1070 1933 1201 1977 rebus
1245 1934 1478 1977 extremis:

0 2040 8 2049 1.
63 2020 166 2051 sunt
200 2009 320 2050 enim
354 2007 544 2050 familiae
579 2007 782 2064 singulae
818 2022 915 2064 pars
950 2006 1165 2064 quaedam
1190 2006 1392 2049 civitatis,
1418 2007 1480 2047 Ac

63 2080 154 2136 pari
189 2077 326 2122 modo
360 2077 500 2121 sicubi
534 2079 647 2121 intra
684 2077 954 2121 domesticos
989 2079 1176 2135 parietes
1210 2078 1354 2133 gravis
1375 2078 1482 2119 exti—

137 2431 193 2475 (2)
208 2431 399 2472 Nimirum,
418 2442 456 2465 ca
476 2432 698 2477 praesertim,
722 2442 813 2477 quae
834 2431 986 2465 diximus
1005 2431 1073 2465 hoc
1093 2430 1162 2464 vol.
1180 2430 1238 2464 111.
1254 2430 1345 2465 thes.
1361 2430 1487 2467 XLIX.

69 2498 102 2527 et
129 2490 221 2528 LVI.
256 2501 289 2527 et
319 2491 513 2527 LXXXIII.
