1705 2787
673 38 932 92 —263-

91 147 181 175 non
215 132 280 174 est
313 146 390 174 cur
424 131 549 188 plura
584 131 814 176 addamus.
840 158 890 163 —
916 133 1142 185 Quaeres:
1179 131 1284 189 quid
1319 133 1355 175 si
1389 148 1511 175 com-

88 203 284 246 munitas
318 217 411 245 non
444 203 632 260 privavit
665 218 710 245 se
744 218 954 261 suprema
979 214 1213 260 potestate,
1238 219 1371 261 quam
1393 205 1508 247 iuste

89 274 135 316 in
159 273 301 330 seipsa
324 284 373 316 ut
396 274 693 330 supponimus
719 273 921 329 habebat,
947 273 1023 317 sed
1048 289 1144 316 eam
1169 273 1251 316 sibi
1276 273 1510 318 retinendo

90 341 407 385 tantummodo
442 343 537 384 eius
571 358 702 385 usum
738 359 813 386 seu
851 344 1111 386 exercitium
1146 343 1365 401 aliquibus
1390 360 1511 387 com-

89 414 233 456 misit:
254 413 475 470 poteritne
495 428 569 455 eos
589 412 824 470 deponere,
850 415 990 472 iisque
1011 414 1118 456 alios
1138 414 1437 458 substituere?
1458 442 1509 446 —

89 484 371 542 Respondeo‚
406 486 571 527 mutari
604 497 710 527 tunc
750 498 916 529 statum
965 487 1253 544 quaestionis,
1289 488 1382 530 Iam
1418 503 1510 531 non

92 556 238 613 agitur
271 554 323 598 de
357 554 561 610 subditis,
596 557 673 613 qui
716 556 958 614 insurgunt
991 558 1036 599 in
1071 558 1317 614 principem
1353 557 1404 601 ad
1437 574 1509 601 su-

89 642 268 684 premae
316 627 592 669 auctoritatis
642 624 972 684 possessionem
1014 629 1052 671 ei
1101 627 1400 685 eripiendam3
1435 629 1509 672 sed

89 698 234 755 agitur
269 696 320 741 de
346 698 544 755 principe
569 713 645 740 seu
671 714 905 755 supremae
940 700 1214 743 auctoritatis
1238 715 1509 757 possessore,

89 770 166 827 qui
201 769 431 812 ministros
456 784 560 811 suos
581 785 657 826 per
676 785 787 827 quos
808 772 1119 813 auctoritatem
1139 784 1310 814 exercet
1336 784 1509 814 mutare

89 841 197 884 vult.
223 839 423 885 Rebellio
448 853 613 896 autem,
639 853 687 884 ut
711 841 919 898 diximus,
943 856 1007 885 est
1034 843 1199 887 bellum
1220 844 1505 887 subditorum

91 924 245 955 contra
269 913 515 969 principem
549 911 601 955 ad
636 928 738 955 eum
773 912 824 955 ab
859 914 1048 971 imperio
1084 914 1428 958 deturbandum.

178 1000 198 1022 «ι.
225 983 467 1038 Quocirca,
501 981 632 1025 verba
667 995 769 1025 sunt
805 984 1011 1040 Gregorii
1047 986 1167 1028 XVI.
1194 987 1237 1028 in
1264 1001 1358 1028 enc.
1379 987 1506 1043 epist.

87 1069 206 1096 anno
247 1053 356 1108 1832
392 1052 504 1109 data,
540 1064 581 1095 et
615 1051 761 1096 divina
797 1066 838 1096 et
875 1054 1069 1097 humana
1106 1057 1198 1098 iura
1237 1057 1278 1099 in
1314 1072 1388 1098 eos
1425 1057 1507 1099 cla-

88 1136 226 1178 mant,
261 1124 337 1181 qui
371 1124 641 1181 turpissimis
677 1123 994 1181 perduellionis
1029 1125 1393 1184 seditionumque
1419 1143 1509 1170 ma-

89 1193 422 1237 chinationibus
457 1210 479 1237 a
513 1194 597 1238 fide
622 1196 667 1238 in
692 1197 911 1253 principes
947 1196 1187 1240 desciscere
1221 1199 1431 1256 ipsosque
1455 1197 1508 1241 ab

87 1267 278 1323 imperio
313 1264 548 1309 deturbare
582 1268 893 1310 connituntur.
922 1286 940 1308 »
978 1269 1089 1311 Item
1116 1269 1219 1311 Pius
1244 1270 1318 1311 IX.
1344 1271 1388 1311 in
1408 1270 1502 1327 Syl-

87 1337 186 1380 labo
221 1336 302 1380 sub
338 1352 462 1380 num.
498 1339 654 1381 LXIII.
691 1339 800 1381 hanc
836 1340 1105 1383 condemnat
1125 1342 1505 1397 propositionem:

89 1427 108 1449 «
147 1410 378 1466 Legitimis
415 1410 688 1467 principibus
724 1411 1022 1454 obedientiam
1059 1412 1313 1465 detrectare7
1350 1414 1440 1455 imo
1465 1426 1507 1456 et

87 1479 296 1523 rebellare
331 1481 444 1524 licet.
474 1499 493 1521 »
531 1483 662 1524 Hisce
697 1495 846 1525 autem
893 1484 1200 1540 quaestionem
1248 1483 1299 1526 de
1335 1485 1506 1541 origine

86 1552 255 1609 politici
291 1554 566 1609 principatus
602 1553 876 1597 absolvimus
913 1554 999 1612 (1).

132 1811 188 1856 (1)
208 1812 264 1846 Ad
285 1811 377 1846 hanc
397 1813 650 1857 quaestionem
673 1811 810 1857 plenius
832 1812 1099 1856 intelligendam
1123 1812 1285 1857 legantur
1305 1824 1346 1846 ex
1366 1825 1391 1847 s.
1413 1812 1509 1847 Tho-

87 1882 145 1905 ma
173 1872 361 1917 sequentia
388 1871 465 1906 loca
489 1873 625 1917 primae
644 1871 817 1905 necnndinr.
849 1872 1003 1914 [effatur
1024 1884 1055 1916 q.
1077 1883 1179 1911 (10.3.
1203 1883 1241 1915 3.,
1270 1872 1325 1905 ubi
1353 1873 1507 1918 inquirit,

87 1941 203 1966 utrum
232 1932 323 1966 ratio
345 1932 531 1966 cuiuslibet
552 1933 595 1966 sit
625 1931 752 1965 factiva
781 1931 877 1974 legis.
911 1933 1063 1974 lfegatur
1090 1944 1119 1977 q.
1149 1943 1202 1976 97.
1234 1945 1261 1966 a.
1287 1943 1312 1973 ς.
1335 1933 1376 1966 ad
1400 1944 1439 1975 3„
1465 1934 1506 1967 ad

86 2002 175 2036 quae
195 1991 352 2025 doctoris
373 1991 524 2035 angelici
554 1992 659 2025 verba
689 1992 819 2024 Snurez
851 1991 970 2024 ¹illudit
1000 1991 1017 2023 l.
1039 1992 1200 2035 superius
1229 1993 1284 2025 cit.
1316 2002 1395 2036 pag.
1429 2003 1506 2033 220.

85 2051 241 2095 Legatur
260 2062 291 2096 q.
327 2061 402 2093 105.
422 2063 450 2085 a.
483 2062 522 2093 1.,
552 2052 606 2084 nbi
637 2051 679 2083 de
709 2050 934 2084 ordinatione
964 2050 1081 2095 populi
1113 2051 1220 2085 lsrael
1239 2061 1375 2086 tractat.
1404 2053 1506 2087 Insu—

84 2121 146 2155 per
173 2122 214 2143 ex
239 2110 382 2144 secunda
409 2110 570 2144 secundm·
591 2109 727 2153 legatur
748 2121 777 2153 q.
805 2120 854 2142 ιι).
879 2122 906 2142 ;1.
936 2121 996 2144 10..
1018 2110 1060 2142 de
1076 2122 1146 2154 quo
1167 2110 1247 2143 loco
1267 2122 1332 2143 nos
1354 2111 1505 2145 diximus

85 2181 198 2215 super.
217 2170 347 2215 pagina
365 2181 438 2215 199.
457 2171 575 2204 adnot.
596 2180 623 2203 2.
643 2170 712 2209 Ait,
731 2182 745 2198 a
762 2169 961 2202 dominium
980 2178 1013 2202 et
1030 2168 1287 2213 praelationem
1306 2170 1504 2205 introducta

85 2241 163 2263 esse
183 2230 257 2264 iure
280 2229 451 2264 humano:
474 2242 489 2260 <t
507 2230 568 2263 sed
588 2231 641 2263 ins
659 2230 856 2262 humanum
874 2229 916 2261 ibi
934 2240 1006 2262 non
1022 2230 1169 2273 opponit
1186 2230 1250 2262 nisi
1269 2230 1332 2263 iuri
1348 2231 1504 2275 positivo

85 2288 216 2331 divino,
243 2299 281 2324 ut
309 2289 574 2334 explicavimus.
607 2290 698 2323 Cum
727 2290 793 2323 lioc
825 2298 942 2321 autem
964 2300 987 2321 s.
1011 2288 1176 2322 Tliomae
1198 2288 1278 2321 loco
1299 2289 1504 2323 conseratur

85 2348 244 2381 eiusdem
274 2349 431 2382 doctoris
460 2348 547 2382 alius
576 2348 686 2386 locus,
716 2360 756 2381 ex
790 2359 814 2381 1.
847 2358 876 2381 2.
904 2358 934 2391 q.
964 2358 1017 2391 91.
1048 2359 1077 2380 a.
1111 2357 1137 2389 5.
1161 2348 1201 2381 ad
1236 2358 1274 2389 3.y
1300 2348 1333 2381 in
1363 2360 1432 2393 quo
1460 2348 1502 2381 de

84 2406 315 2441 distinctione
343 2409 613 2452 possessionum
645 2418 677 2441 et
707 2409 876 2441 servitute
905 2406 1069 2452 loquitur.
