1705 2787
646 93 904 136 -345—

68 185 145 242 qui
179 182 340 241 pendet
373 198 394 226 a
429 184 538 227 Deo.
574 185 710 243 Atqui
746 200 836 228 non
872 186 1019 229 solum
1054 187 1219 244 singuli
1262 187 1483 244 homines,

69 255 145 299 sed
179 257 312 299 etiam
335 257 522 299 societas
547 256 700 313 civilis,
725 273 810 315 qua
833 258 945 314 talis,
970 258 1187 316 dependet
1206 275 1228 302 a
1251 261 1347 303 Deo
1372 261 1486 304 mul-

65 327 290 384 tipliciter:
311 338 540 384 tamquam
559 342 580 369 a
598 343 681 370 suo
698 329 909 384 Auctore,
925 330 1140 386 Domino,
1159 330 1486 387 Gubernatore,

70 399 176 441 Fine
193 398 369 441 ultimo.
390 398 508 454 Ergo
542 399 674 440 etiam
709 400 896 442 societas
931 400 1069 443 civilis
1104 417 1190 458 qua
1224 401 1337 457 talis,
1362 401 1490 445 debet

73 468 222 511 colere
255 468 418 521 Deum,
457 483 533 510 seu
569 481 667 511 actu
704 468 881 526 publico
916 483 956 512 et
991 471 1140 513 sociali
1175 470 1303 514 debet
1337 472 1488 528 Ipsum

68 554 390 597 recognoscere
423 553 555 597 atque
590 543 792 584 revereri.
830 569 881 573 —
918 544 1067 595 Quam
1103 558 1195 585 rem
1216 555 1264 586 ut
1284 543 1486 600 exemplo

67 611 215 669 aliquo
241 610 531 667 declaremus,
566 613 623 654 sit
657 625 859 656 terrenus
896 628 984 669 rex,
1018 615 1093 671 qui
1127 613 1179 656 ad
1214 614 1492 657 invisendum

68 684 292 726 civitatem
331 682 524 740 aliquam
560 673 685 739 regni
720 685 787 726 sui
821 700 865 726 se
901 684 1111 727 conferat.
1147 687 1276 728 Anne
1309 685 1488 741 sufficit,

68 766 116 796 ut
140 753 305 810 singuli
339 754 505 810 quique
540 747 655 795 cives
690 755 878 796 seorsim
913 755 1120 798 accedant
1144 754 1195 798 ad
1221 754 1490 812 obsequium

66 824 128 868 illi
152 823 485 869 exhibendum?
508 824 556 867 Id
581 826 736 882 procul
761 825 896 868 dubio
922 842 1010 869 non
1037 826 1222 880 sufficit3
1248 827 1289 870 id
1315 839 1491 869 tantum

67 897 102 938 si
136 895 274 950 fieret,
309 897 405 938 iure
429 897 681 954 meritoque
717 912 789 939 rex
824 913 868 939 se
903 897 1123 940 offensum
1156 897 1383 940 iudicaret.
1409 898 1491 941 Re—

67 969 262 1025 quiritur
307 969 442 1023 enim,
477 980 526 1010 ut
575 969 725 1011 civitas
761 970 867 1026 ipsa,
902 985 987 1026 qua
1038 970 1149 1025 tulis,
1199 982 1297 1012 actu
1343 970 1492 1026 aliquo

65 1038 215 1081 sociali
259 1051 301 1081 et
349 1038 544 1096 publico,
594 1051 779 1082 testetur
826 1041 917 1096 regi
966 1055 1093 1082 suam
1143 1039 1493 1083 submissionem

66 1126 291 1168 suumque
316 1109 608 1168 obsequium:
635 1110 857 1168 siquidem
877 1127 967 1154 non
988 1124 1162 1154 tantum
1182 1112 1345 1168 singuli
1363 1113 1493 1166 cives,

67 1182 141 1226 sed
176 1183 308 1225 etiam
342 1183 435 1239 ipsa
468 1183 618 1225 civitas
653 1199 673 1224 a
726 1198 827 1239 rege
871 1182 1031 1240 pendet
1080 1195 1309 1240 tamquam
1354 1199 1375 1225 a
1411 1197 1492 1225 suo

68 1254 253 1298 domino
288 1266 329 1297 et
376 1253 689 1311 gubernatore.
735 1254 871 1307 Quod
915 1256 950 1297 si
985 1257 1041 1297 ita
1076 1256 1226 1297 civitas
1262 1271 1305 1297 se
1340 1269 1492 1311 gerere

68 1326 195 1369 debet
221 1341 320 1383 erga
347 1342 496 1383 regem
521 1342 653 1369 suum
674 1339 918 1379 terrenum,
939 1340 1106 1384 quanto
1132 1327 1273 1383 magis
1300 1339 1491 1383 oportet,

70 1411 118 1441 ut
152 1398 289 1441 civilis
323 1399 510 1441 societas
536 1398 707 1440 cultum
744 1398 949 1440 socialem
978 1400 1072 1440 Deo
1100 1397 1316 1453 exhibeat,
1351 1413 1372 1439 a
1398 1414 1496 1455 quo-

67 1469 232 1512 scilicet
266 1469 411 1512 multo
446 1470 587 1525 magis
623 1468 854 1526 dependet,
890 1484 1023 1526 quam
1049 1471 1198 1512 civitas
1224 1485 1245 1511 a
1271 1485 1353 1512 suo
1375 1486 1489 1527 rege.

127 1542 208 1599 2.⁰)
242 1541 317 1584 Ille
353 1540 481 1584 debet
517 1540 660 1583 colere
685 1542 847 1596 Deum,
885 1542 1056 1598 ipsique
1081 1554 1259 1597 gratum
1283 1542 1488 1583 animum

69 1611 290 1665 exhibere,
327 1612 401 1669 qui
436 1610 488 1653 ab
523 1627 574 1653 eo
602 1609 812 1653 beneficia
838 1612 1005 1668 recipit.
1032 1613 1168 1668 Atqui
1194 1627 1282 1653 non
1310 1624 1489 1653 tantum

71 1683 236 1740 singuli
271 1683 493 1738 homines,
528 1682 603 1725 sed
638 1684 768 1725 etiam
804 1685 990 1726 societas
1026 1684 1163 1726 civilis
1192 1683 1401 1726 beneficia
1426 1700 1490 1726 re-

69 1754 174 1810 cipit
207 1769 228 1796 a
262 1754 374 1796 Deo.
410 1753 528 1809 Ergo
562 1754 747 1796 societas
783 1769 964 1810 quoque
999 1754 1138 1796 civilis
1163 1754 1283 1796 cultu
1307 1766 1488 1796 externo

73 1837 207 1883 atque
220 1823 398 1882 publico
413 1822 542 1867 debet
567 1825 710 1867 colere
735 1825 898 1867 Deum.
926 1826 1068 1867 Minor
1092 1837 1156 1867 est
1180 1824 1489 1879 eviden33nam

71 1896 212 1939 multa
246 1909 351 1939 sunt
377 1895 604 1951 beneficia,
630 1913 742 1954 quae
769 1896 1023 1939 immediate
1048 1898 1129 1954 ipsi
1155 1898 1271 1940 civili
1291 1899 1490 1940 societati

69 1983 91 2010 a
125 1969 221 2011 Deo
255 1967 564 2023 conferuntur,
584 1985 622 2010 v.
658 1984 698 2024 g.
720 1969 901 2010 victoria
938 1967 989 2010 de
1010 1966 1212 2010 hostibus
1233 1968 1306 2026 (1)
1331 1981 1372 2010 et
1408 1969 1489 2010 alia

74 2039 206 2082 huius
225 2040 400 2095 generis
415 2039 651 2096 permulta.
668 2066 718 2069 —
735 2038 782 2081 Id
799 2054 952 2082 rursus
977 2038 1166 2081 adducto
1191 2039 1394 2096 exemplo
1418 2038 1490 2082 de-

69 2111 301 2155 claremus.
327 2111 478 2168 Siqua
497 2112 683 2153 societas
704 2111 746 2152 in
768 2111 886 2152 iusto
909 2109 1023 2152 bello
1043 2112 1208 2167 accepit
1227 2111 1443 2153 auxilium
1468 2127 1490 2153 a

69 2184 217 2225 vicino
237 2183 387 2241 aliquo
424 2199 541 2239 rege,
578 2184 760 2240 eiusque
796 2198 878 2239 ope
914 2183 1063 2226 retulit
1098 2184 1353 2237 victoriam3
1388 2200 1490 2226 sane

116 2343 172 2387 (1)
200 2343 320 2377 Notae
349 2353 431 2378 sunt
458 2344 735 2390 suppliffllionus„
765 2356 854 2389 quae
884 2345 975 2389 apud
1004 2346 1189 2379 Romanos
1210 2346 1252 2379 ad
1271 2344 1387 2389 plures
1415 2346 1491 2379 dies

71 2403 318 2438 indicebantur
346 2404 387 2437 ad
416 2405 548 2446 gratias
576 2405 651 2437 Diis
680 2405 836 2448 agendas
864 2416 926 2450 pro
955 2415 1052 2450 parta
1081 2405 1237 2446 victoria,
1257 2417 1320 2450 pro
1338 2417 1372 2438 re
1400 2406 1490 2438 bene

73 2470 108 2495 et
136 2473 305 2506 prospere
333 2471 445 2505 gesta.
