1705 2787
209 200 338 240 genus
358 185 430 226 fuit
449 184 690 237 subiectum,
705 196 767 227 tot
785 197 1004 242 tantaeque
1022 185 1198 239 fuerunt,
1214 199 1256 229 ut
1267 186 1400 230 nullae
1419 187 1635 231 societates

209 270 442 299 constanter
474 269 513 299 et
547 256 831 299 universaliter
862 256 1131 312 perdurarint,
1156 258 1335 314 exceptis
1366 258 1429 300 his
1462 257 1632 311 duabus,

207 329 433 372 domestica
466 329 661 370 nimirum
694 339 732 369 et
765 327 886 369 civili.
921 327 964 384 b)
996 328 1184 385 Contigit
1216 327 1460 386 frequenter,
1494 341 1537 372 ut
1559 344 1628 373 so-

207 401 328 442 cietas
361 399 494 455 aliqua
528 399 656 440 civilis
690 398 993 451 dissolveretur,
1028 411 1066 441 et
1099 399 1147 442 ad
1183 399 1418 442 anarchiam
1466 399 1629 457 delapsa

206 472 400 512 interiret:
437 471 746 526 quamprimum
780 481 916 511 autem
949 469 1106 522 eadem,
1140 469 1213 512 sub
1246 470 1321 513 alia
1352 470 1446 512 licet
1478 469 1629 524 forma,

204 543 362 593 revixit,
396 541 458 583 vel
494 553 600 582 certe
647 541 731 582 eius
774 539 963 582 membra
1003 556 1163 583 novum
1209 541 1326 584 civile
1368 542 1625 584 consortium

204 612 476 660 instituerunt,
510 623 577 654 aut
608 626 648 652 se
672 627 712 653 se
736 611 850 654 alteri
873 611 980 653 civili
1003 613 1187 654 societati
1210 611 1444 655 adiunxere.
1468 610 1506 670 c)
1523 612 1628 664 Quo

203 684 335 738 magis
367 681 544 724 familiae
577 681 802 724 secundum
835 682 1040 724 humanae
1087 694 1253 725 naturae
1296 681 1540 739 dignitatem
1583 695 1625 726 et

202 753 428 795 naturalem
461 753 595 808 legem
630 754 832 806 vixerunt,
867 768 917 796 eo
950 753 1169 810 perfectior
1191 753 1265 796 fuit
1287 755 1457 796 societas
1480 753 1626 807 civiliS,

202 838 325 880 quam
360 822 642 866 efformarunt.

288 896 336 937 Il.
370 896 596 950 Arguimus
627 895 791 937 secundo
825 909 849 937 a
888 897 1035 954 priori,
1083 913 1133 939 ex
1178 912 1242 949 eo,
1291 896 1404 953 quod
1450 897 1623 940 societas

199 966 425 1009 domestica
458 967 508 1007 sit
542 967 724 1008 maxime
756 966 925 1022 quidem
957 968 1194 1020 necessaria,
1228 982 1314 1009 non
1345 979 1486 1010 tamen
1508 983 1559 1009 ex
1580 983 1624 1010 se

198 1036 286 1078 sola
318 1034 523 1078 sufficiens
571 1036 621 1080 ad
670 1039 1011 1080 consecutionem
1058 1037 1252 1080 naturalis
1299 1037 1405 1080 illius
1453 1037 1622 1090 ordinis,

199 1108 479 1163 prosperitatis
511 1120 549 1149 et
582 1109 704 1164 pacis,
740 1124 863 1165 quam
897 1120 1041 1151 natura
1073 1110 1177 1151 inter
1209 1108 1401 1151 homines
1434 1108 1534 1151 vult.
1564 1109 1624 1151 Ea

200 1178 397 1218 nimirum
431 1191 687 1233 argumenta,
723 1194 825 1235 quae
858 1180 899 1220 in
946 1178 1213 1235 praecedente
1260 1178 1364 1221 thesi
1398 1178 1622 1231 attulimus,

196 1247 377 1304 probant
411 1248 639 1291 naturalem
672 1251 955 1292 necessitatem
988 1251 1176 1306 inprimis
1223 1249 1485 1303 domesticae,
1532 1261 1623 1292 tum

196 1334 295 1360 vero
328 1319 452 1361 etiam
485 1319 612 1361 civilis
645 1322 862 1364 societatis

284 1392 487 1435 Audiatur
519 1393 728 1435 Suaresius
759 1391 838 1450 (Ι)
877 1410 897 1432 α
931 1392 1095 1448 Duplex
1127 1404 1188 1435 est
1231 1393 1506 1434 communitas
1546 1391 1622 1434 ho—

197 1463 372 1516 minum,
407 1463 646 1519 imperfecta
677 1479 747 1505 seu
779 1463 1002 1516 familiaris,
1037 1475 1075 1505 et
1107 1462 1284 1520 perfecta
1330 1478 1400 1505 seu
1440 1462 1620 1519 politica.

193 1533 301 1575 Inter
334 1549 432 1590 quas
464 1535 577 1590 prior
609 1546 667 1576 est
700 1534 883 1576 maxime
915 1534 1108 1576 naturalis
1141 1546 1181 1576 et
1225 1535 1339 1590 quasi
1379 1532 1623 1576 fundamen-

190 1602 293 1655 talis,
329 1619 431 1660 quae
463 1604 679 1647 inchoatur
710 1621 760 1647 ex
791 1606 986 1647 societate
1020 1605 1142 1647 maris
1173 1616 1212 1647 et
1230 1603 1406 1646 feminae
1428 1603 1621 1662 (societas

195 1674 455 1732 coniugalis),
475 1677 559 1718 sine
594 1691 673 1732 qua
705 1691 790 1718 non
811 1688 950 1732 posset
972 1692 1102 1731 genus
1135 1675 1366 1718 humanum
1398 1676 1620 1731 propagari
1679 1707 1684 1717 2

195 1757 263 1786 aut
295 1748 541 1799 conservari,
576 1762 655 1803 qua
687 1748 845 1789 ratione
892 1748 1091 1803 scriptum
1123 1759 1195 1800 est,
1243 1761 1323 1789 mm
1371 1753 1424 1788 est
1471 1744 1617 1788 bonum

192 1815 388 1858 hominem
422 1831 496 1859 esse
528 1818 665 1860 solnm.
700 1817 760 1859 Ex
793 1819 1084 1859 coniunctione
1115 1816 1191 1859 hac
1224 1817 1414 1873 proxime
1436 1816 1621 1872 sequitur

193 1887 366 1928 societas
409 1886 592 1930 filiorum
626 1903 721 1930 cum
752 1887 983 1944 parentibus
1014 1888 1207 1947 (societas
1238 1886 1488 1944 parentalis),
1522 1886 1618 1942 quia

194 1958 308 2012 prior
357 1959 596 2001 coniunctio
635 1958 684 2002 ad
717 1958 899 2002 filiorum
931 1958 1217 2002 educationem
1265 1957 1497 2000 ordinatur:
1545 1955 1618 1998 filii

191 2039 329 2070 autem
363 2029 404 2070 in
436 2030 639 2086 principio
673 2043 712 2073 et
743 2046 815 2087 per
847 2030 1026 2073 multum
1056 2042 1217 2086 tempus
1250 2030 1389 2072 aetatis
1429 2029 1617 2086 indigent

188 2099 486 2142 ooniunctione
519 2112 560 2142 et
594 2102 788 2144 societate
821 2114 1052 2158 parentum,
1086 2102 1179 2158 quia
1212 2102 1307 2144 alias
1348 2116 1423 2143 nec
1464 2101 1614 2145 vivere,

188 2184 263 2211 nec
297 2172 596 2213 convenienter
642 2171 818 2226 educari,
868 2188 945 2216 nec
984 2185 1092 2215 recte
1123 2173 1268 2214 instrui
1313 2184 1492 2229 possent.
1539 2172 1615 2214 His

188 2250 328 2281 autem
362 2241 499 2281 statim
534 2240 689 2284 accedit
725 2243 964 2286 coniunctio
997 2243 1129 2300 aliqua
1178 2244 1394 2295 servitutis,
1442 2258 1513 2285 seu
1554 2240 1615 2284 fa-

185 2309 362 2351 mulatus
385 2323 423 2352 et
451 2310 624 2354 dominii
647 2313 843 2370 (societas
861 2313 1032 2372 herilis)
1055 2316 1149 2371 quia
1170 2314 1382 2357 moraliter
1403 2312 1618 2370 loquendo

265 2457 321 2502 (1)
348 2457 404 2492 De
430 2458 498 2504 leg.
526 2459 547 2492 1.
576 2461 637 2501 111,
665 2473 693 2495 c.
726 2473 754 2503 1,
780 2474 813 2495 n.
844 2474 873 2507 3.
