1705 2787
644 81 904 123 —471—

255 181 290 207 et
316 182 527 218 perpetuant
542 193 584 199 --
602 175 720 219 quoad
741 176 971 220 operationes
991 175 1154 210 liberales
1173 176 1230 210 vel
1248 176 1393 210 mecha-

253 232 353 266 nicas
383 251 426 257 —-
453 233 491 266 in
517 231 717 277 perfectam
747 242 782 268 et
807 233 1067 278 imperfectam.
1095 254 1137 259 —
1181 245 1212 268 2.
1254 235 1294 268 In
1322 246 1392 280 quo

253 291 421 325 differant
449 300 653 327 contractus
683 303 764 326 cum
792 293 963 337 operariis
1005 294 1112 328 initus
1158 303 1193 329 et
1238 294 1392 328 societas

251 348 375 384 herilis
403 351 545 395 proprie
573 351 677 385 dicta.
706 371 748 375 —
786 351 918 385 Herilis
954 353 1108 387 societas
1138 362 1190 387 est
1220 352 1391 387 naturalis

257 427 299 433 —
327 417 380 443 est
408 418 529 454 aptum
556 409 713 444 familiae
741 410 1048 455 complementum
1077 432 1118 436 —
1149 422 1202 447 cst
1229 413 1392 457 dignitati

255 476 403 502 naturae
430 468 609 503 humanae
637 469 721 503 satis
754 481 914 504 consona
964 496 1388 506 ........
1422 481 1485 513 142

65 564 253 609 TheSiS
286 563 399 605 LIII.
422 589 480 594 ——
503 564 565 606 De
599 564 752 620 officiis,
776 565 919 621 ‹Jnilms
955 565 1144 608 dominus
1180 580 1277 622 erga
1300 581 1383 608 scr-

245 649 344 676 vum
363 634 665 691 adstringitur„
691 635 812 692 deque
839 635 1013 691 iuribus,
1037 651 1136 693 quae
1160 636 1325 679 domino
1350 638 1389 679 in

244 719 412 747 servum
447 713 668 762 competunt
731 739 740 748 .
806 739 814 748 .
882 741 889 748 .
956 740 964 747 .
1031 741 1038 748 .
1106 743 1113 750 .
1180 741 1188 749 .
1257 741 1264 748 .
1331 741 1339 748 .
1410 720 1483 761 151

118 824 197 858 145.
223 815 563 850 Demonstratio.
583 835 624 840 --
652 817 751 849 1.De
780 816 906 850 officiis
935 817 1122 862 negativis,
1150 829 1223 850 non
1239 817 1393 850 nocendi

259 884 365 907 servo
392 873 428 906 in
455 872 557 907 bonis
601 874 673 907 suis
694 893 736 898 —
759 874 997 917 affirmativis,
1025 875 1256 909 humanitatis
1291 885 1396 921 atque

256 933 530 968 beneficentiae.
547 953 589 960 —
614 945 639 968 ι.
660 935 713 968 De
734 936 866 968 iuribus
895 935 1030 969 domini
1058 947 1141 980 erga
1169 948 1323 970 servum:
1353 956 1395 961 —

258 992 301 1026 de
329 992 455 1027 officiis
484 994 576 1027 servi
605 1005 689 1039 erga
717 994 904 1028 dominum
966 1021 1393 1031 ........
1424 1007 1483 1040 151

118 1051 195 1095 146.
222 1053 442 1088 Scholion.
469 1073 511 1078 —
543 1065 572 1088 1.
599 1054 759 1087 Servitus
789 1066 831 1088 ex
858 1067 895 1088 se
924 1067 998 1088 non
1025 1054 1157 1097 illicita,
1179 1065 1393 1100 potestesse

255 1112 375 1158 iniqua
402 1133 445 1138 —
475 1125 517 1148 ex
543 1114 654 1148 modo
683 1125 754 1159 quo
784 1123 1031 1148 exercctur—
1051 1126 1091 1148 ex
1119 1115 1221 1149 titulo
1242 1126 1312 1159 quo
1340 1115 1394 1147 in—

257 1173 408 1207 ducitur.
435 1191 477 1197 —
507 1182 539 1207 2.
566 1173 664 1206 Varii
708 1173 887 1207 servitutis
932 1173 1022 1207 tituli
1063 1174 1320 1217 expenduntur:
1350 1193 1391 1198 —

258 1233 459 1268 voluntaria
486 1234 629 1267 traditio
659 1253 701 1258 —
717 1234 876 1267 venditio
899 1242 932 1267 et
953 1234 1087 1278 emptio
1105 1253 1145 1258 ——
1166 1234 1332 1268 nativitas
1352 1253 1393 1258 —

257 1294 436 1327 sententia
462 1293 587 1327 iudicis
616 1312 658 1318 -
686 1294 822 1327 iustum
850 1292 981 1326 belluni
1058 1319 1302 1327 .....
1356 1317 1368 1328 .
1425 1304 1483 1335 153

142 1422 178 1467 ἓ.
207 1423 276 1459 IV.
303 1424 359 1458 De
386 1422 654 1459 auctoritatis
681 1423 725 1458 in
751 1423 973 1458 domestica
1000 1422 1195 1458 societate
1222 1422 1420 1459 subiecto.

72 1544 261 1588 TheSiS
295 1544 408 1587 LIV.
440 1571 498 1575 —
534 1545 769 1587 Domestica
813 1544 978 1586 societas
1015 1544 1189 1600 propria
1245 1543 1393 1598 indige!

259 1616 508 1666 anctoritate,
530 1630 630 1672 qnae
655 1614 1030 1671 naturalilcrpenes
1049 1614 1189 1655 virum
1213 1613 1371 1656 residet.
1413 1616 1486 1655 161

124 1732 201 1767 147.
227 1723 566 1758 Demonstratio.
594 1741 635 1747 -
669 1734 697 1757 Ι.
725 1723 831 1764 Quod
861 1722 1061 1755 domestica
1082 1722 1235 1755 societas
1256 1722 1396 1766 propria

260 1781 422 1825 indigeat
449 1781 673 1823 auctoritate,
701 1781 869 1826 probatur
896 1790 943 1813 ex
978 1789 1103 1813 natura
1131 1780 1323 1814 societatis.
1351 1799 1396 1803 —

265 1849 296 1873 2.
325 1839 436 1881 Quod
464 1840 657 1874 auctoritas
685 1839 891 1874 naturaliter
926 1851 1038 1884 penes
1082 1840 1198 1873 virum
1232 1839 1397 1881 resideat,

260 1898 431 1943 probatur
457 1919 500 1924 —-
528 1908 740 1945 argumento
763 1900 962 1933 extrinseco
991 1919 1034 1923 —
1056 1899 1251 1932 intrinseco
1271 1924 1280 1933 .
1330 1925 1337 1932 .
1389 1925 1396 1932 .
1447 1898 1493 1932 ib.

123 1957 200 2000 148.
229 1957 448 1994 Scholion.
474 1977 522 1984 —
551 1969 579 1992 1.
598 1957 726 1992 Mulier
745 1968 797 1992 est
817 1959 893 1991 viro
916 1958 1108 1992 siibdita—
1130 1970 1201 1991 non
1230 1970 1396 1992 serva:—

260 2018 359 2059 item,
375 2015 488 2052 liberi.
503 2035 548 2043 —
567 2018 622 2051 De
644 2016 714 2050 sine
735 2017 967 2059 auctoritatis,
989 2029 1094 2062 quem
1115 2026 1239 2050 natura
1260 2016 1397 2050 confert

258 2077 336 2110 viro
363 2103 373 2112 .
422 2096 436 2101 -
488 2091 497 2111 .·
552 2101 1393 2111 ...............
1426 2075 1490 2118 164

594 2207 873 2241 ARTICL'LUS
906 2207 966 2240 IV.

563 2304 617 2337 De
645 2302 840 2338 societate
866 2301 999 2337 civili.

125 2444 199 2477 149.
228 2435 283 2469 De
311 2435 447 2475 ordine,
475 2446 580 2479 quem
602 2435 634 2467 in
651 2434 716 2467 hac
733 2434 916 2467 tractanda
931 2435 1153 2478 quaestione,
1170 2446 1384 2478 sequemur.
1418 2432 1492 2477 165.
