1705 2787
797 41 1055 98 —378—

337 150 454 191 Haec
487 148 624 203 igitur
661 147 814 189 omnia
849 145 977 189 debet
1013 146 1215 203 princeps
1251 145 1389 187 civilis
1433 145 1538 187 totis
1571 144 1633 188 vi-

218 221 339 264 ribus
375 234 626 276 procurare.
661 218 710 260 In
745 219 796 260 iis
832 230 981 260 autem
1033 216 1323 274 procurandis
1373 216 1456 259 hoc
1505 215 1634 258 debet

217 292 390 348 sapiens
426 291 652 332 monitum
686 287 743 330 ob
777 288 929 331 oculos
965 287 1147 330 habere:
1186 305 1205 327 «
1253 287 1534 344 Cuicumque
1568 287 1633 329 in-

217 361 388 405 cumbit
422 360 587 418 aliquid
622 360 846 417 perficere,
881 359 1000 417 quod
1035 359 1264 402 ordinatur
1300 360 1342 401 in
1377 357 1493 401 aliud
1518 359 1632 401 sicut

218 436 263 477 in
298 433 449 488 finem,
484 431 769 490 (huiusmodi
803 444 950 474 autem
986 444 1050 474 est
1084 432 1197 473 vitae
1232 431 1443 473 securitas
1463 446 1509 472 ac
1534 446 1634 487 pro-

218 505 417 561 speritaS,
439 518 573 560 quam
598 503 801 559 princeps
826 502 964 545 civilis
989 501 1117 544 debet
1142 517 1401 559 procurare:
1427 513 1491 544 est
1515 502 1634 544 enim

218 575 319 618 finis
354 575 602 632 proximuS,
637 588 728 615 non
754 588 859 615 vero
886 573 1088 628 ultimus,
1112 573 1327 615 consortii
1351 572 1527 630 civilis),
1553 571 1635 615 hoc

218 643 346 687 debet
380 642 623 698 attendere,
658 654 705 684 ut
739 657 872 684 suum
897 656 1008 698 opus
1033 642 1087 684 sit
1112 657 1367 698 congruum
1392 641 1495 695 fini3
1521 643 1634 684 sicut

218 713 336 757 faber
372 714 432 755 sic
467 712 569 755 facit
603 711 817 769 gladium,
856 724 903 754 ut
936 715 1112 769 'pugnae
1147 714 1397 769 conveniat,
1421 725 1463 755 ct
1487 712 1634 756 aedifi-

218 798 339 829 cator
374 786 434 828 sic
469 784 597 828 debet
632 784 869 842 disponere
904 785 1107 842 domum,
1148 798 1196 828 ut
1245 785 1297 829 ad
1343 786 1634 830 habitandum

218 858 274 900 sit
308 869 420 914 apta.
457 858 577 910 Quia
612 858 749 913 igitur
784 858 912 912 vitae,
952 871 1037 914 qua
1072 857 1115 898 in
1161 857 1381 913 praesenti
1416 856 1525 900 bene
1573 858 1635 900 vi-

217 929 380 984 vimus,
428 927 529 970 finis
565 940 629 970 est
665 927 890 971 beatitudo
925 928 1138 982 caelestis,
1172 928 1224 971 ad
1274 930 1389 986 regis
1437 928 1634 972 officium

220 1001 413 1059 pertinet
437 1016 483 1043 ea
509 1001 681 1043 ratione
706 1001 842 1043 vitam
867 999 1169 1043 multitudinis
1197 998 1359 1042 bonam
1384 1015 1635 1057 procurare,

220 1071 470 1115 secundum
520 1071 640 1129 quod
689 1073 897 1132 congruit
930 1071 982 1114 ad
1031 1071 1263 1114 caelestem
1315 1071 1634 1116 beatitudinem

220 1142 607 1202 consequendam3
642 1156 690 1187 ut
724 1132 888 1186 scilicet
923 1159 970 1185 ea
1003 1145 1254 1201 praecipiat,
1288 1160 1399 1202 quae
1443 1144 1494 1187 ad
1543 1160 1636 1187 cae-

223 1215 382 1258 lestem
418 1214 741 1258 beatitudinem
776 1215 962 1271 ducunt,
997 1227 1037 1258 et
1057 1229 1214 1258 eorum
1240 1217 1458 1259 contraria
1482 1232 1636 1260 secun-

219 1286 327 1330 dum
362 1286 483 1345 quod
518 1286 726 1344 possibile
761 1286 893 1329 fuerit
927 1287 1160 1330 interdicat
1194 1286 1279 1345 (1)
1318 1305 1337 1327 »

306 1371 404 1401 210.
442 1358 686 1401 ScuomoN.
723 1359 932 1415 Princeps
968 1359 1107 1401 civilis
1143 1374 1234 1401 non
1258 1358 1547 1402 solummodo
1572 1359 1634 1402 di-

218 1430 376 1484 vitum,
409 1428 483 1472 sed
519 1430 667 1485 etiam,
701 1430 843 1472 immo
877 1431 1110 1487 praecipue
1134 1445 1380 1487 pauperum
1404 1430 1634 1487 providam

218 1516 265 1543 ac
300 1512 531 1557 paternam
565 1515 718 1543 curam
753 1499 912 1543 habere
950 1500 1091 1544 debet.

337 1573 484 1629 Atque
519 1572 723 1629 inprimis
758 1572 866 1615 illud
900 1585 1033 1629 patet,
1075 1587 1164 1615 non
1200 1588 1343 1630 posse,
1383 1589 1458 1630 per
1493 1589 1537 1615 se
1571 1573 1634 1616 lo-

218 1641 412 1700 quendo,
431 1641 636 1699 impediri
661 1655 811 1685 actum
836 1643 1012 1700 petendi
1037 1643 1382 1701 eleemosynam,
1402 1660 1480 1687 nec
1505 1660 1633 1702 posse

218 1729 491 1771 quemquam
524 1726 704 1771 propter
755 1714 882 1757 illurn
931 1715 1095 1771 puniri.
1147 1715 1365 1767 Quamvis
1401 1716 1520 1758 enim
1555 1716 1634 1758 hac

217 1784 350 1825 etiam
383 1784 428 1825 in
464 1798 508 1825 re
543 1782 707 1826 abusus
742 1799 836 1826 esse
871 1798 1049 1842 queant,
1084 1787 1160 1843 qui
1194 1801 1216 1827 a
1265 1785 1437 1843 publica
1483 1799 1633 1829 aucto-

217 1855 344 1896 ritate
378 1854 610 1897 coercendi
645 1868 776 1909 sunt3
812 1868 961 1899 tamen
1012 1856 1392 1914 quemadmodum
1437 1857 1632 1900 tribuere

216 1924 561 1981 eleemosynam,
596 1926 655 1968 ita
689 1941 786 1969 eam
822 1929 1046 1985 postulare
1082 1943 1172 1970 non
1213 1940 1276 1970 est
1310 1943 1386 1984 per
1420 1944 1465 1970 se
1509 1940 1632 1971 actus

217 1995 363 2038 ordini
396 1997 547 2039 sociali
582 1998 848 2041 contrarius.

336 2067 571 2124 Pauperes,
605 2070 681 2126 qui
715 2084 815 2111 vere
849 2068 955 2111 tales
989 2069 1091 2124 sint,
1127 2084 1217 2111 non
1241 2070 1327 2111 iam
1352 2081 1456 2112 sunt
1490 2061 1631 2126 poena

216 2138 449 2194 multandi,
485 2139 559 2182 sed
593 2139 797 2183 subsidio
832 2139 1025 2183 iuvandi.
1051 2139 1187 2192 Quod
1222 2139 1470 2183 subsidium
1496 2153 1543 2184 ut
1586 2142 1630 2184 in

217 2222 426 2266 promptu
454 2211 524 2266 sit,
549 2211 711 2254 alicubi
738 2211 907 2254 civibus
933 2210 1168 2254 ditioribus
1193 2212 1441 2268 imponitur
1467 2213 1630 2255 taxatio

287 2359 342 2403 (1)
369 2360 420 2394 Ita
449 2372 473 2393 s.
507 2360 679 2403 Thomas,
709 2361 752 2395 de
780 2363 904 2407 regim.
932 2363 1048 2398 Princ.
1087 2363 1108 2398 l.
1139 2374 1166 2397 1.
1194 2375 1221 2397 c.
1266 2374 1316 2407 ις.
1345 2383 1387 2389 -
1418 2363 1473 2399 Cf.
1499 2364 1629 2399 thesim

218 2418 341 2452 LVII:
368 2419 449 2454 vide
478 2421 585 2454 etiam
612 2431 692 2467 pag.
731 2432 808 2456 211.
837 2422 958 2457 adnot.
988 2433 1016 2456 1.
