1705 2787
629 62 889 106 -433w

167 157 241 200 III.
275 157 406 201 Ratio
440 168 579 200 status
614 172 706 200 non
740 169 803 199 est
828 171 957 202 causa
983 156 1083 201 beili
1107 131 1320 215 letritiina.
1340 158 1464 222 Nam

52 244 99 272 ea
134 227 246 272 nihil
279 227 422 272 aliud
433 228 654 286 significat
687 231 789 283 nisi,
824 228 932 271 utile
967 243 1061 271 esse
1098 227 1263 272 bellum
1299 220 1476 272 nationi

51 300 117 343 vel
151 299 203 343 ad
236 299 461 356 agendum
486 301 828 355 commercium,
851 298 920 342 vel
939 299 992 342 ad
1017 298 1237 344 ditionem
1262 300 1472 358 amplian-

20 362 22 386 ³
51 369 167 425 dam,
201 382 282 412 etc.
318 370 456 427 Atqui
511 384 631 412 mera
677 370 842 413 utilitas
879 378 975 412 non
1004 368 1181 425 sufficit,
1216 382 1264 414 ut
1301 370 1467 414 bellum

52 443 224 485 iustum
259 442 328 484 sit.
364 441 542 484 Utilitas
591 443 712 484 enim
762 456 854 484 non
889 452 953 483 est
986 442 1181 484 iustitiae
1231 458 1389 487 norma
1423 455 1465 485 et

0 546 2 550 »
48 527 276 567 mensura,
310 510 386 554 sed
420 527 442 553 e
476 527 693 555 converso
727 513 895 556 iustitia
931 527 1089 555 norma
1108 512 1238 556 debet
1262 530 1356 556 esse
1381 516 1465 557 uti-

49 584 196 628 litatis.
231 584 275 627 Si
309 583 401 626 sola
436 584 605 626 utilitas
643 596 690 628 ut
724 586 840 629 iusta
885 601 1015 630 causa
1066 585 1166 629 belli
1216 585 1469 640 haberetur,

0 685 2 709 5
50 655 173 699 nulla
190 654 382 712 amplius
404 670 486 713 pax
509 656 624 699 inter
646 657 848 700 nationes
874 669 1078 705 constare
1097 657 1276 710 valerem
1298 658 1468 701 omnia-

0 765 2 770 .
50 742 136 784 que
170 726 401 770 latrocinia
454 726 648 770 iustitiae
702 729 885 773 nomine
936 728 1221 774 cohonestari
1266 739 1463 785 possent.

0 837 3 842 ,
50 796 196 840 Multo
231 796 381 840 minus
417 808 563 853 potest
587 812 713 840 arnor
738 798 904 854 gloriae
929 814 1023 843 esse
1058 799 1172 842 iusta
1196 814 1326 842 causa
1351 797 1465 842 belli.

49 868 167 912 Nam
202 869 286 912 tale
321 866 489 911 beilum
522 868 647 911 nullo
683 868 818 913 modo
853 869 909 914 ob
944 869 1252 915 defensionem
1298 869 1466 915 ordinis

57 941 230 985 socialis
264 941 580 998 susciperetur.

138 1038 236 1080 227.
271 1025 500 1068 Scuomou
535 1025 587 1067 II.
623 1026 825 1078 Quaeres
860 1026 1055 1082 tandem,
1091 1038 1244 1069 utrum
1279 1026 1324 1069 in
1355 1024 1469 1068 bello

1 1114 6 1141 t
48 1096 220 1140 licitum
253 1099 310 1140 sit
344 1098 409 1140 uti
442 1096 630 1140 insidiis,
668 1125 720 1129 —
756 1098 843 1141 Cui
877 1098 1131 1155 quaestioni
1166 1114 1219 1141 en
1256 1096 1398 1143 brevis
1425 1109 1515 1142 et.-

3 1199 8 1203 -
51 1169 164 1214 clara
197 1185 231 1213 s.
266 1169 472 1212 Thomae
507 1171 740 1228 responsio
775 1169 862 1228 (1).

138 1241 328 1285 Insidiie
363 1241 570 1285 ordinant
577 1257 627 1285 ur
661 1242 713 1286 ad
748 1241 991 1289 fillendum
1017 1241 1181 1285 hostes
1217 1242 1465 1299 Dupliciter

0 1345 9 1361 ¹-
50 1326 199 1357 autem
233 1314 391 1372 aliquis
426 1326 571 1372 potest
605 1314 694 1357 falli
729 1330 780 1357 ex
814 1313 930 1357 facto
965 1314 1032 1357 xel
1057 1313 1174 1357 dicto
1200 1315 1395 1358 alterius.
1419 1341 1469 1348 -v

49 1385 151 1429 Uno
186 1385 321 1429 modo
357 1402 407 1429 ex
442 1401 494 1429 eo
529 1385 649 1445 quod
683 1388 722 1429 ei
756 1386 919 1430 dicitur
954 1386 1132 1441 falsum,
1167 1386 1235 1429 vel
1261 1402 1350 1429 non
1376 1402 1468 1429 ser-

49 1469 177 1500 vatur
210 1459 500 1515 promissum:
537 1470 578 1502 et
612 1458 731 1502 istud
766 1471 830 1501 est
864 1474 1039 1516 semper
1064 1458 1285 1502 illicitum.
1308 1459 1361 1501 Et
1383 1458 1467 1501 hoc

52 1527 188 1570 modo
223 1527 372 1571 nullus
407 1528 535 1572 debet
572 1528 721 1572 hostes
757 1528 918 1572 fallere:
955 1541 1059 1572 sunt
1095 1530 1224 1572 enim.
1250 1527 1469 1587 quaedam

51 1597 146 1640 iura
180 1596 400 1641 bellorum
436 1611 477 1642 et
511 1598 686 1642 foedera
722 1600 855 1641 etiam
893 1599 1006 1643 inter
1042 1600 1162 1656 ipsos
1198 1599 1347 1641 hostes
1382 1614 1471 1641 ser-

50 1668 204 1725 vanda,
238 1682 287 1713 ut
322 1686 355 1712 3.
380 1670 646 1714 Ambrosius
681 1670 786 1713 dicit
811 1670 899 1729 (2).
935 1697 985 1701 —‹
1024 1670 1122 1712 Alio
1142 1669 1278 1713 modo
1303 1670 1461 1728 aliquis

51 1753 191 1799 potest
224 1740 313 1785 falli
346 1757 398 1784 ex
428 1741 558 1785 *dicto
594 1742 660 1786 vel
694 1741 808 1785 facto
844 1755 1014 1800 nostro,
1050 1744 1152 1800 quia
1187 1744 1224 1785 ei
1260 1744 1462 1801 proposi-

53 1826 146 1858 tum
179 1827 256 1858 aut
290 1815 566 1858 intellectum
603 1832 690 1859 non
718 1816 957 1873 aperimus.
985 1815 1075 1857 Hm
1116 1827 1266 1857 autem
1292 1831 1464 1872 semper

54 1885 190 1929 facere
214 1901 304 1928 non
330 1897 550 1930 tenemur:
571 1888 672 1945 quia
697 1887 829 1929 etiam
865 1888 908 1929 ιιι
944 1885 1145 1929 doctrina
1179 1902 1297 1929 sacra
1326 1888 1466 1931 multa

56 1971 155 2002 sunt
191 1959 468 2015 occultanda,
504 1961 696 2003 maxime
730 1958 998 2013 infidelibus,
1054 1974 1107 2001 ne
1143 1958 1369 2016 irrideant,
1403 1976 1468 2001 sc-

58 2030 250 2074 :undum
285 2032 392 2076 illud
427 2033 585 2075 Matth.
621 2033 718 2075 VH.
755 2030 872 2073 nolite
906 2044 1091 2074 summm
1133 2031 1233 2075 dare
1283 2031 1496 2088 canibus„

58 2103 179 2147 Unde
214 2104 358 2147 multo
393 2106 534 2162 magis
569 2120 631 2160 ea,
666 2119 777 2161 quae
802 2102 853 2145 ad
874 2101 1233 2159 impugnandum
1260 2104 1469 2145 inimicos

60 2191 272 2233 mmmm,
307 2190 411 2220 sunt
445 2178 505 2220 eis
540 2175 817 2219 occultanda.
856 2174 982 2219 Unde
1017 2175 1131 2217 inter
1157 2187 1298 2217 cetera.
1334 2174 1470 2218 docu-

147 2398 201 2442 (ι)
230 2399 268 2431 In
298 2409 327 2432 2.
357 2409 384 2431 2.
414 2411 446 2444 q.
476 2408 532 2440 40.
562 2411 588 2432 a.
622 2409 649 2443 3.

147 2459 203 2500 (2)
231 2459 283 2492 De
314 2457 372 2492 Off.
404 2459 426 2492 I.
458 2469 509 2492 20.
