1705 2787
689 67 741 76 ω.
776 56 855 101 ⁴9¹
895 68 946 79 ...2-

107 145 256 201 ipsum
277 146 541 203 principem,
563 144 639 190 sed
657 147 836 192 aliunde
853 149 880 192 i.
906 164 941 192 e.
966 148 1019 192 ab
1039 150 1184 193 altiori
1203 150 1297 207 lege
1316 150 1523 204 naturali,

105 230 217 272 quae
250 230 347 258 eam
380 217 570 274 principi
604 218 809 276 imponit:
836 219 1029 276 imponit
1053 232 1203 262 autem
1227 232 1407 278 propter
1433 223 1524 263 exi-

102 287 300 342 gentiam
325 285 432 330 boni
454 290 724 345 communis,
750 305 804 332 ne
829 289 1016 334 subditis
1036 291 1294 334 scandalum
1313 290 1518 348 praebea-

102 371 174 403 tur
206 372 282 403 aut
306 360 659 404 contemnendae
683 364 914 419 potestatis
939 364 1127 419 occasio,
1155 376 1202 407 ut
1226 364 1330 407 haec
1352 363 1520 407 ordinis

101 432 316 489 principia
339 433 428 476 sint
452 432 582 489 salva,
607 432 727 491 quod
751 433 831 476 tibi
855 432 948 476 fieri
976 449 1066 476 non
1090 435 1154 477 vis
1180 434 1305 478 alteri
1330 450 1385 477 ne
1409 433 1519 477 fece-

102 503 160 545 ris
185 502 273 562 (1),
307 519 398 546 non
432 502 561 547 debet
595 519 694 562 pars
727 504 978 548 discordare
1013 520 1034 547 a
1059 517 1169 561 toto,
1193 519 1340 562 patere
1374 506 1517 563 legem

99 587 235 630 quam
267 574 360 631 ipse
395 574 565 630 tuleris,
599 573 719 632 quod
753 576 820 617 ius
865 576 911 618 in
955 575 1091 617 alium
1138 576 1326 633 quisque
1362 576 1518 618 statuit

98 643 206 688 illud
240 660 413 688 servare
447 658 624 688 tenetur
659 638 739 689 etc.
775 645 861 704 (2).

186 715 274 759 Alii
290 729 508 772 auctores,
523 733 635 775 quos
651 718 764 760 inter
779 717 956 773 Suarez,
973 729 1129 774 putant
1144 719 1389 775 principem
1404 718 1514 761 obli-

96 787 190 843 gari
213 785 265 830 ad
290 786 551 831 servandam
577 803 663 831 una
688 803 789 831 cum
815 787 1005 831 subditis
1030 804 1155 831 suam
1180 789 1323 846 legem
1348 788 1514 846 obliga·

94 859 215 901 tione
235 859 436 915 proxime
471 870 566 902 orta
600 858 652 901 ab
687 860 874 916 ipsamet
908 859 1003 915 iege
1039 872 1080 902 ct
1114 875 1166 903 ex
1189 860 1354 904 virtute
1378 872 1510 918 atque

93 927 282 972 efficacia
326 931 434 973 eius.
475 929 542 973 Ad
577 929 696 988 quod
732 929 1010 987 probandum
1048 932 1211 974 Suarez
1246 931 1335 975 duo
1370 931 1508 974 affert.

92 999 139 1058 α)
173 1000 218 1043 Si
251 1016 326 1044 rex
358 1018 397 1044 v.
432 1017 472 1058 g.
508 1002 663 1044 statuit
697 1001 841 1059 legem
876 1013 1100 1044 taxantem
1135 1003 1329 1059 pretium
1365 1003 1441 1058 rei,
1468 1014 1509 1044 et

92 1071 182 1128 ipse
216 1084 266 1114 ut
289 1073 486 1130 privatus
510 1072 720 1116 dominus
747 1087 837 1116 rem
864 1074 1006 1116 carius
1031 1072 1206 1129 vendat,
1231 1087 1379 1131 peccat
1403 1089 1508 1116 con-

90 1154 156 1186 tra
188 1144 404 1188 iustitiam
440 1157 481 1188 et
515 1157 693 1188 tenetur
728 1144 779 1188 ad
814 1146 1164 1201 restitutionem,
1200 1162 1250 1188 ex
1274 1146 1507 1189 communi

154 1414 210 1459 (ι)
237 1415 350 1449 Huius
378 1414 474 1450 effati
504 1424 535 1449 et
563 1414 724 1460 principii
752 1414 806 1448 hic
848 1424 900 1448 est
927 1427 1071 1449 sensus:
1099 1428 1207 1449 nemo
1249 1416 1348 1451 alteri
1376 1416 1504 1453 inferat

85 1475 249 1509 iniuriam
277 1487 384 1521 quam
411 1487 484 1509 non
512 1475 587 1509 vult
620 1475 661 1509 ab
689 1474 758 1509 alio
786 1475 973 1509 sustinere.
1012 1474 1095 1509 Non
1125 1485 1243 1510 autc-m
1284 1485 1335 1510 est
1364 1488 1501 1520 sensuS,

85 1545 121 1571 ut
141 1547 250 1571 nemo
279 1535 378 1571 alteri
405 1535 521 1579 faciat,
549 1536 644 1581 quod
672 1535 736 1569 sibi
764 1536 828 1580 ipsi
858 1547 929 1568 non
959 1534 1056 1569 facit:
1085 1547 1167 1569 nam
1197 1548 1226 1570 e.
1255 1548 1286 1581 g.
1315 1536 1419 1571 iudex
1446 1536 1501 1570 su-

83 1607 159 1630 rem
185 1597 277 1630 iuste
304 1596 525 1631 condemnat
553 1605 586 1630 et
613 1596 723 1641 punit,
743 1607 780 1629 se
803 1604 923 1629 nutem
943 1595 1059 1639 ipsum
1078 1607 1151 1629 non
1170 1604 1313 1631 tenetur
1333 1596 1502 1630 condem-

81 1667 178 1697 nare,
207 1656 347 1690 etiamsi
376 1655 430 1690 fur
455 1656 510 1690 sit.
538 1655 594 1690 Cf.
623 1655 693 1689 vol.
722 1655 763 1689 ΙΙ.
791 1666 867 1699 cap.
904 1655 948 1688 ΙΙ.
975 1663 1038 1689 art.
1070 1666 1096 1689 ι.
1126 1654 1155 1699 f„
1186 1666 1214 1689 1.

155 1716 201 1757 (2)
230 1726 247 1745 «
266 1715 380 1760 Leges
406 1714 599 1755 humanae,
626 1714 738 1759 inquit
766 1713 978 1759 Tbugiorgi,
1008 1713 1077 1747 eth.
1106 1725 1138 1746 n.
1167 1714 1258 1758 478„
1287 1714 1446 1759 obligant
1464 1715 1496 1748 vi

80 1770 169 1817 legis
196 1771 377 1806 naturalis.
406 1771 542 1806 Idcirco
570 1780 688 1806 autem
717 1770 886 1815 obligant,
921 1771 1002 1815 quia
1031 1779 1063 1804 et
1091 1771 1180 1804 ordo
1207 1771 1364 1815 postulat
1393 1781 1426 1806 et
1455 1772 1497 1807 ad

78 1842 272 1871 ¹-ommune
298 1831 433 1865 bonum
467 1831 711 1865 necessarium
752 1839 805 1864 est
845 1842 903 1863 cais
944 1830 1136 1863 observari.
1180 1831 1287 1875 Atqui
1333 1830 1380 1865 12⁷²
1407 1832 1496 1865 ordo

76 1888 243 1934 postulat,
271 1898 307 1924 ut
334 1890 498 1936 priiiceps
527 1889 624 1934 leges
654 1902 670 1923 a
699 1901 736 1922 se
766 1888 854 1923 latas
894 1889 1070 1922 observet.
1113 1889 1184 1922 Lex
1225 1889 1321 1923 enim
1361 1890 1495 1925 ordinis

77 1949 204 1994 cuique
222 1950 392 1995 praecipit
421 1949 521 1984 illud:
550 1949 644 1994 quod
672 1949 731 1983 tibi
760 1949 835 1982 sieri
856 1960 927 1982 non
947 1949 1010 1989 vis,
1030 1947 1127 1982 alteri
1146 1960 1190 1982 ne
1211 1948 1328 1983 facias.
1350 1950 1385 1983 Si
1408 1961 1494 1995 crgo

75 2009 237 2055 princeps
265 2010 308 2045 ad
335 2021 529 2044 commune
556 2011 691 2044 bonum
719 2009 846 2055 requiri
867 2018 977 2054 putat,
999 2018 1034 2042 ut
1055 2018 1149 2043 certa
1171 2010 1347 2054 quaedam
1368 2022 1494 2044 norma

75 2069 110 2103 in
137 2069 278 2114 agendo
306 2078 477 2112 servetur,
505 2081 656 2114 eamque
685 2068 832 2103 subditis
859 2069 1023 2113 imponit,
1065 2068 1231 2102 eamdem
1258 2081 1422 2103 normam
1451 2071 1492 2104 ab

73 2129 152 2174 ipso
178 2129 311 2164 servari
337 2140 400 2174 par
426 2139 488 2164 est.
519 2129 627 2170 Quod
654 2129 682 2161 si
711 2128 801 2162 lianc
820 2128 883 2161 sibi
903 2139 1051 2171 gravem
1071 2128 1299 2173 experiretur,
1316 2140 1394 2163 eam
1416 2129 1492 2163 aliis

73 2188 258 2234 imponere
286 2200 358 2224 non
387 2189 543 2223 deberet.
574 2189 672 2222 Idem
702 2187 749 2221 2.‘¹
778 2186 933 2232 postulat
961 2188 1095 2221 bonum
1122 2199 1328 2222 commune.
1349 2189 1491 2223 Etenim

74 2247 116 2282 ad
143 2258 336 2281 commune
363 2247 497 2281 bonum
529 2247 692 2292 pertinet,
721 2255 756 2280 ut
783 2246 816 2279 in
846 2245 968 2279 sociali
1007 2256 1156 2290 corpore
1185 2257 1264 2290 pars
1306 2258 1323 2280 a
1351 2255 1428 2281 toto
1457 2256 1491 2281 et

71 2317 175 2354 caput
202 2320 221 2343 a
246 2309 391 2354 reiiquis
427 2309 597 2342 membris
636 2320 708 2342 non
749 2307 947 2348 dissentiat,
987 2315 1094 2351 utque
1136 2308 1299 2352 princeps
1339 2319 1490 2353 pravum

72 2365 275 2412 excmpiutn
296 2366 443 2401 subditis
458 2377 529 2400 non
549 2366 727 2411 praebeat,
759 2376 822 2399 nec
843 2375 880 2398 se
901 2363 967 2398 illis
987 2364 1293 2399 contemnendum
1314 2365 1478 2401 exhibeat

71 2424 168 2460 Haec
195 2435 281 2459 vero
309 2424 429 2459 omnia
458 2425 614 2469 exigunt,
643 2434 678 2458 nt
707 2423 777 2458 suis
805 2424 879 2468 ipse
906 2421 1042 2467 legibus
1072 2433 1108 2457 se
1136 2423 1306 2458 subiiciat.
1329 2440 1342 2455 »ι
