1705 2787
770 81 1029 126 —128-

179 186 347 234 facilius
381 204 427 232 ac
462 189 621 233 melius
656 190 945 234 exercendam
979 191 1066 251 (1).
1122 219 1174 225 ——
1229 194 1414 252 Aliquot
1448 204 1596 237 tamen

178 260 322 303 solent
357 259 488 302 obiici
523 258 818 316 difficultates,
853 277 963 319 quae
997 275 1104 306 sunt
1137 276 1235 321 apte
1268 261 1518 306 solvendae.

278 331 454 375 Obicctio
494 332 552 374 1.¹³
585 332 794 389 Princeps
829 333 968 375 civilis
1012 332 1144 378 habet
1192 336 1260 378 ius
1303 334 1355 378 ad
1390 349 1452 390 ea,
1486 348 1597 392 quae
1658 356 1661 360 ·

175 416 279 446 sunt
315 404 559 445 necessaria
593 402 644 445 ad
680 402 815 446 finem
856 405 994 447 civilis
1029 408 1244 450 consortii
1280 404 1590 450 obtinendum.

174 476 310 532 Atqui
346 474 397 517 ad
433 473 568 516 finem
604 474 743 517 civilis
778 477 993 519 consortii
1028 477 1325 521 obtinendum
1350 478 1595 520 necessaria

175 561 358 603 prorsus
394 558 458 588 est
494 558 609 588 recta
644 546 870 589 institutio
904 547 1119 592 filiorum.
1156 550 1274 606 Ergo
1308 550 1511 607 princeps
1536 548 1594 591 ci-

176 616 273 658 vilis
309 615 438 658 habet
488 616 556 658 ius
606 615 658 659 ad
706 617 1039 661 institutionem
1090 634 1165 662 seu
1201 618 1511 663 educationem
1545 617 1594 660 fi-

178 687 355 729 liorum.

267 757 502 814 Responsio.
539 757 748 814 Princeps
783 757 921 801 civilis
956 758 1120 802 habet
1111 775 1178 803 ius
1197 759 1248 804 ad
1274 776 1336 817 ea,
1355 776 1465 818 quae
1489 772 1594 803 sunt

178 829 421 870 necessaria
454 827 506 871 ad
544 827 678 870 linem
713 828 852 871 civilis
887 832 1102 874 consortii
1135 830 1446 888 obtinendum,
1491 847 1593 874 cum

177 899 255 942 hac
290 912 438 942 tamen
473 900 768 956 restrictione
818 899 1066 945 dummodo
1120 918 1167 945 ea
1217 919 1308 946 non
1343 904 1593 960 pertineant

175 970 227 1013 ad
263 969 466 1013 ordinem
500 971 721 1027 altiorem,
757 987 832 1014 seu
869 971 1117 1016 dummodo
1152 973 1203 1017 de
1227 975 1278 1016 iis
1307 975 1393 1017 iam
1419 989 1509 1017 non
1531 972 1593 1016 di-

176 1054 335 1099 sponat
368 1041 436 1084 lex
469 1042 613 1098 altior,
647 1058 758 1100 quae
793 1058 949 1086 eorum
984 1060 1134 1087 curam
1169 1045 1299 1088 alicui
1322 1045 1446 1088 alteri
1470 1057 1592 1102 pote-

176 1114 278 1156 stati
312 1113 475 1156 directe
509 1115 763 1157 committat
796 1113 884 1173 (2).
918 1116 1121 1173 Exempli
1155 1118 1309 1173 gratia,
1362 1117 1593 1159 matrimo-

175 1184 316 1239 nium,
351 1199 453 1226 cum
487 1199 508 1226 a
544 1184 726 1227 Christo
760 1186 959 1228 Domino
974 1187 1030 1228 sit
1053 1186 1272 1230 elevatum
1295 1186 1347 1230 ad
1372 1187 1591 1230 rationem

174 1268 215 1298 et
249 1255 513 1312 dignitatem
547 1257 826 1312 sacramenti,
861 1258 1053 1314 pertinet
1086 1257 1138 1301 ad
1163 1258 1366 1301 ordinem
1391 1258 1589 1316 superio-

172 1342 281 1383 rem⁷
316 1328 341 1369 i.
377 1343 412 1370 e.
448 1327 708 1384 religiosum
757 1340 799 1370 et
847 1343 1036 1372 sacrum:
1087 1345 1133 1372 ac
1178 1328 1363 1387 proinde
1398 1339 1591 1372 statuere

171 1397 450 1441 conditiones
486 1399 734 1442 necessario
768 1399 1013 1457 implendas
1048 1412 1096 1443 ut
1120 1401 1237 1443 licite
1256 1415 1303 1443 ac
1327 1399 1467 1443 valide
1486 1415 1591 1443 con-

171 1468 386 1524 trahatur,
435 1469 632 1527 itemque
686 1469 893 1526 iudicare,
929 1483 1081 1514 utrum
1117 1471 1255 1514 valide
1310 1483 1590 1514 contractum

241 1701 297 1746 (Ι)
313 1701 368 1735 Ad
383 1713 459 1735 rem
479 1701 670 1747 Taparelli‚
689 1704 808 1749 saggio
824 1715 896 1738 ecc.
916 1703 1056 1739 dissert.
1070 1705 1149 1740 VII.
1165 1716 1196 1740 c.
1218 1716 1246 1751 3.
1263 1717 1298 1744 n,
1324 1715 1421 1750 1570.
1439 1718 1445 1740 :
1467 1718 1483 1736 «
1496 1705 1592 1740 L’or-

172 1760 253 1795 dine
280 1761 398 1804 vuole,
427 1761 492 1795 che
521 1763 551 1796 ai
581 1763 716 1807 parenti
745 1764 797 1797 sia
824 1762 924 1798 salvo
953 1763 985 1798 al
1011 1776 1075 1809 par
1101 1764 1134 1798 di
1164 1766 1248 1809 ogni
1277 1765 1378 1808 altro,
1406 1764 1519 1799 anche
1535 1776 1592 1799 co-

171 1821 274 1855 desto
302 1821 433 1863 diritto‚
462 1821 582 1856 diritto
609 1822 835 1857 inalienabile
863 1823 994 1868 perche
1023 1824 1220 1869 congiunto
1247 1824 1303 1858 col
1321 1825 1466 1868 dovere,
1482 1824 1588 1860 dritto

170 1880 192 1913 il
220 1879 354 1926 meglio
381 1881 578 1915 assicurato
607 1881 701 1916 nella
729 1882 941 1916 esecuzione
974 1882 1105 1927 perche
1135 1882 1280 1918 affidato
1308 1883 1375 1918 alla
1402 1893 1588 1919 tenerezza

170 1949 327 1985 paterna,
357 1952 374 1974 e
403 1942 615 1976 sanzionato
643 1941 737 1976 nella
757 1942 1003 1977 coabitazione
1025 1943 1195 1978 continua
1213 1954 1231 1977 e
1249 1943 1343 1978 nella
1363 1943 1451 1978 total
1469 1944 1590 1990 dipen-

171 2000 282 2034 denza
310 2010 508 2045 spontanea
537 2000 594 2034 del
622 2001 735 2047 figlio.
760 2003 915 2047 Dunque
943 2001 975 2037 la
993 2003 1126 2037 societis
1147 2002 1310 2048 pubblica
1325 2014 1398 2037 non
1415 2003 1461 2038 ha
1479 2004 1586 2038 dritto

169 2058 212 2091 ad
239 2059 428 2103 arrogarsi,
455 2058 551 2093 nello
581 2067 675 2094 stato
695 2059 858 2105 regolare
879 2059 971 2095 della
989 2061 1135 2103 sociem,
1154 2060 1186 2095 la
1204 2061 1340 2106 privata
1355 2061 1585 2096 educazione.

168 2118 368 2163 Arrogarsi‚
398 2118 490 2160 dico,
521 2119 651 2163 perche
680 2118 819 2164 l'aprire
848 2119 916 2154 alla
943 2120 1115 2165 gioventu
1135 2119 1224 2154 sonti
1251 2120 1366 2154 sicure
1394 2121 1427 2154 di
1453 2132 1540 2155 vero
1569 2132 1588 2155 e

165 2176 198 2208 di
226 2185 366 2219 onesto,
395 2176 541 2211 l'offrire
570 2190 589 2211 a
616 2177 664 2212 tal
692 2190 786 2223 uopo
815 2179 846 2213 ai
875 2179 1023 2224 parenti,
1044 2179 1240 2213 assicurato
1260 2179 1303 2213 da
1322 2178 1485 2224 pubblica
1503 2191 1586 2225 gua-

163 2236 325 2281 rentigia,
354 2248 400 2270 un
429 2238 603 2271 aiutatore
632 2237 758 2281 fedele,
785 2250 885 2283 senza
911 2239 1115 2273 violentarli
1140 2239 1184 2274 ad
1213 2238 1343 2282 usarlo‚
1364 2248 1491 2285 questo
1510 2252 1583 2275 non

164 2297 181 2328 e
212 2297 387 2341 arrogarsi
416 2295 671 2339 l‘educazione‚
698 2310 757 2332 rna
784 2298 904 2332 offrire
931 2299 1096 2341 sussidio,
1117 2299 1369 2333 ordinamento
1388 2300 1583 2334 rettissirno

162 2353 195 2387 di
224 2355 369 2396 sociem,
399 2354 463 2388 che
491 2356 731 2400 ptogredisce.
756 2371 772 2389 »
801 2357 904 2400 Vide,
934 2369 1023 2403 quae
1054 2358 1150 2392 addit
1190 2357 1234 2391 de
1261 2369 1344 2392 casu
1384 2367 1582 2403 parentum,

163 2412 221 2458 qui
251 2423 380 2446 munus
410 2421 443 2447 et
471 2413 730 2457 obligationem
760 2415 934 2450 educandi
962 2416 1054 2450 filios
1081 2415 1230 2450 violant.

233 2470 289 2516 (t)
317 2470 372 2507 Cf.
399 2472 582 2517 Tarquini,
611 2473 675 2508 iur.
704 2474 790 2509 eccl.
813 2474 908 2520 publ.
936 2475 1047 2512 instit.
1074 2486 1151 2521 cap.
1180 2486 1207 2510 1.
1237 2483 1321 2511 sect.
1353 2486 1384 2516 Ι,
1410 2484 1474 2511 art.
1503 2486 1533 2511 1.
