1705 2787
799 89 1059 121 -200-0

221 178 375 224 ordine
409 177 460 224 ad
495 177 615 224 illam
650 195 741 225 non
776 192 923 240 potest
956 179 1146 240 intelligi
1190 195 1332 226 unum
1366 194 1527 240 corpus
1562 193 1638 240 po-

221 250 407 296 liticum.
427 269 446 292 ))

312 323 648 367 Concludemus
684 340 784 368 cum
820 341 852 368 s.
886 326 1052 370 Ioanne
1087 325 1417 385 Chrysostomo
1452 325 1639 386 (1),qui

221 395 440 451 explicans
490 394 621 438 verba
655 412 687 438 s.
728 397 867 453 Pauli,
913 398 1009 441 Non
1063 406 1119 441 est
1165 399 1270 441 enim
1317 406 1506 456 potestas,
1557 399 1640 441 nisi

221 483 245 509 ιι
298 467 400 522 Deo,
447 467 670 524 praeclare
705 470 901 526 exponit,
936 486 1026 527 quo
1060 486 1192 514 sensu
1248 470 1331 514 dici
1385 471 1539 528 possit,
1592 486 1639 513 ac

221 537 390 595 debeat,
419 540 629 597 principes
666 542 853 584 constitui
885 556 910 584 a
944 543 1057 584 Deo:
1096 560 1115 582 ‹<
1160 543 1266 586 Non
1300 554 1365 585 est
1399 543 1519 585 enim
1565 557 1639 599 po—

223 623 370 666 testas,
404 612 564 669 inquit,
600 613 683 655 nisi
718 628 740 655 a
774 614 885 657 Deo.
921 613 1044 667 Quid
1078 613 1219 659 dicis?
1263 615 1470 657 omnisne
1519 614 1639 672 prin-

224 698 323 740 ceps
360 699 381 726 a
414 685 510 727 Deo
535 685 768 729 ordinatus
789 688 872 730 est?
888 688 994 731 Non
1028 687 1112 730 hoc
1147 686 1259 743 dico,
1304 687 1462 744 inquit:
1496 701 1639 744 neque

223 756 342 798 enim
377 755 422 799 de
457 757 634 813 singulis
663 759 921 817 principibus
956 759 1066 802 mihi
1106 775 1225 802 nunc
1259 774 1407 802 sermo
1451 770 1530 813 est,
1565 757 1639 801 sed

223 826 268 868 de
302 842 343 868 re
379 828 480 885 ipsa.
515 830 632 872 Nam
667 830 786 887 quod
820 832 1092 888 principatus
1127 832 1214 873 sint
1245 843 1287 873 et
1321 829 1440 887 quod
1463 830 1535 873 alii
1558 830 1638 872 im-

226 912 394 955 perent,
430 901 502 944 alii
536 901 724 946 subiecti
759 905 861 959 sint,
898 920 1042 961 neque
1078 905 1228 946 omnia
1263 919 1363 946 casu
1400 919 1446 946 ac
1471 915 1637 946 temere

223 969 610 1029 circumferantur,
625 973 777 1030 populi
797 975 920 1031 quasi
940 973 1148 1017 fluctibus
1166 974 1267 1016 hinc
1282 986 1323 1016 et
1337 973 1437 1017 inde
1451 973 1639 1017 circum—

224 1042 355 1097 actis,
391 1041 563 1086 divinae
618 1059 711 1086 esse
755 1047 992 1102 sapientiae
1042 1045 1154 1088 dico.
1205 1044 1307 1087 Ideo
1358 1061 1446 1087 non
1501 1044 1637 1087 dixit:

225 1128 314 1155 non
349 1116 468 1157 enim
494 1128 558 1158 est
582 1118 784 1174 princeps
808 1119 893 1160 nisi
917 1133 938 1159 a
963 1119 1081 1160 Deo:
1107 1117 1181 1160 sed
1207 1116 1258 1160 de
1278 1118 1417 1173 reipsa
1441 1116 1638 1174 loquitur

225 1182 398 1227 dicens:
435 1201 513 1227 71011
549 1188 655 1229 enim
680 1195 734 1229 est
750 1195 923 1244 polestas
949 1188 1031 1230 nisi
1053 1202 1078 1229 cz
1102 1189 1202 1230 Deo.
1223 1204 1243 1227 υ
1267 1186 1420 1244 Itaque
1432 1188 1638 1244 principes

225 1256 412 1298 constitui
443 1271 467 1299 ιῑ
501 1258 603 1310 Deo,
641 1257 725 1301 dici
759 1271 905 1315 potest
939 1274 984 1301 ac
1020 1257 1148 1301 debet
1182 1258 1265 1299 hoc
1299 1273 1447 1313 sensu,
1481 1273 1640 1313 nempe

226 1326 465 1382 spectando
499 1343 583 1370 rem
620 1330 748 1385 ipsam
783 1330 822 1371 in
856 1345 1013 1385 ¹genere,
1049 1345 1138 1371 non
1184 1341 1334 1371 autem
1367 1328 1641 1371 descendendo

225 1397 278 1440 ad
310 1398 412 1441 hanc
446 1399 509 1441 vel
541 1399 651 1442 illam
678 1409 898 1458 personam
924 1401 1010 1459 (2).
1046 1427 1098 1432 -—
1123 1401 1349 1442 Hactenus
1384 1399 1435 1442 de
1469 1400 1640 1456 origine

226 1468 393 1525 politici
429 1472 700 1528 principatus
735 1474 776 1514 in
811 1488 850 1515 5ss
874 1472 1163 1515 considerati:
1199 1470 1420 1529 agendum
1454 1470 1640 1529 iamsest

227 1538 278 1582 de
312 1541 484 1599 origine
518 1542 716 1586 eiusdem
753 1545 792 1586 in
820 1543 1067 1601 particulari
1100 1543 1300 1600 inspecti.

298 1761 355 1807 (1)
381 1763 421 1798 In
449 1775 502 1808 ep.
531 1764 573 1798 ad
601 1765 705 1798 Rom.
734 1775 809 1809 cap.
837 1765 932 1798 XIII.
959 1764 1056 1799 hom.
1078 1762 1445 1809 23.(Migne,Patrol.
1462 1774 1511 1806 gr.
1538 1771 1639 1796 tomo
1689 1761 1694 1763 ⁴

229 1820 284 1855 60.
311 1833 390 1867 pag.
419 1821 515 1867 615).
539 1823 675 1857 Similia
701 1823 809 1858 habet
835 1836 861 1857 s.
889 1824 939 1857 Io.
967 1824 1225 1863 Damnst-enus,
1255 1823 1354 1867 epist.
1371 1822 1413 1855 ad
1440 1822 1545 1856 Rom.
1565 1833 1640 1866 cap.

229 1882 323 1916 XIII.
351 1882 503 1927 (Mignc,
530 1883 665 1917 Patrol.
693 1895 742 1928 gr.
769 1892 870 1917 tomo
898 1894 952 1929 95.
980 1895 1059 1928 pag.
1091 1881 1185 1927 546).
1212 1902 1254 1907 -
1282 1881 1415 1915 Recole
1437 1882 1543 1915 ctiam
1563 1880 1640 1926 pul—

227 1941 310 1975 chra
337 1941 395 1975 illa
422 1953 447 1975 s.
477 1942 620 1976 Ioannis
661 1942 913 1988 Chrysostonii
940 1943 1144 1983 verba,iam
1172 1953 1286 1985 super.
1314 1952 1394 1985 pag.
1423 1951 1475 1984 37.
1515 1939 1641 1974 allata:

230 2013 245 2031 «
273 2001 502 2045 Magistratus
530 2002 676 2046 quidem
716 2003 932 2036 constituere
960 2002 1022 2035 fuit
1061 2003 1127 2035 Dei
1156 2013 1261 2046 opus:
1289 2000 1383 2045 quod
1411 2008 1531 2033 autem
1573 2001 1642 2033 im—

231 2061 330 2105 probi
360 2061 402 2094 ad
434 2073 497 2094 eos
525 2061 778 2105 provehantur,
808 2071 842 2096 et
870 2062 918 2095 eis
945 2073 1017 2095 non
1046 2070 1082 2095 ut
1113 2060 1213 2094 decet
1253 2068 1406 2101 utantur,
1445 2068 1497 2093 est
1524 2058 1644 2091 homi-

229 2131 314 2153 num
341 2120 590 2165 improbitatis.
617 2135 632 2153 »

327 2179 378 2223 (2)
406 2180 476 2214 Pro
504 2179 571 2213 hac
596 2189 628 2214 et
649 2181 879 2225 sequentibus
895 2180 1052 2215 thesibus
1071 2179 1113 2214 cs.
1134 2179 1287 2217 Baliues,
1305 2178 1330 2210 il
1348 2177 1642 2211 Prolestanlesinto

235 2249 308 2271 ecc.
338 2249 412 2283 cap.
428 2248 485 2283 49.
502 2250 600 2283 seqq.
618 2239 673 2273 (js.
689 2240 798 2274 etiam
827 2239 1104 2283 Hergenrother,
1126 2239 1247 2273 clima
1270 2238 1362 2271 Cati.
1378 2248 1392 2269 a
1410 2236 1503 2270 Staio
1525 2237 1642 2272 CrisL:

233 2309 248 2326 a
275 2297 455 2341 L‘origine
483 2297 540 2331 del
572 2307 696 2343 potere
725 2299 814 2333 deve
842 2307 1127 2333 accuratamente
1155 2297 1382 2341 distinguersi
1403 2296 1445 2330 da
1464 2295 1556 2330 colui
1576 2296 1641 2329 che

235 2357 330 2390 tiene
357 2356 379 2389 il
408 2365 542 2401 potere,
575 2356 598 2389 il
625 2365 748 2401 potere
776 2358 812 2391 in
840 2368 877 2391 se
904 2366 1021 2391 stesso
1049 2355 1141 2391 dalla
1161 2367 1313 2401 persona
1332 2355 1398 2389 che
1417 2354 1451 2388 lo
1469 2355 1641 2388 sostiene.

232 2414 330 2448 Tutii
360 2426 600 2459 convcngono
630 2415 695 2449 che
722 2416 897 2450 l'autorita'r
925 2416 1029 2449 wione
1049 2416 1089 2450 da
1115 2415 1356 2457 1)io‚m;1110n
1378 2414 1408 2448 la
1437 2425 1498 2448 sua
1528 2413 1639 2448 forma

230 2482 406 2511 concreta,
437 2476 479 2507 ne
509 2473 601 2508 colui
631 2474 695 2509 cire
725 2474 754 2507 la
783 2475 951 2508 sostiene.
977 2488 992 2507 υ
