1705 2787
787 103 838 107 —-
879 76 957 131 148
993 102 1045 107 —

216 195 329 225 esset
366 182 527 225 illicita.
564 180 736 224 Scilicet
771 182 990 224 maximus
1026 181 1176 238 culpae
1210 179 1369 238 gradus
1413 193 1527 225 esset
1574 180 1617 225 in

215 255 427 296 servitute
463 264 686 310 perpetua:
721 252 794 295 sed
829 253 953 294 omni
978 252 1102 309 culpa
1128 267 1217 295 non
1242 263 1412 295 vacaret
1435 252 1622 295 servitus

213 327 342 368 etiam
395 325 675 381 temporaria.
711 351 764 355 —
801 323 848 382 b)
891 325 1031 367 Porro
1081 324 1376 381 operationes,
1419 339 1525 381 quas
1572 324 1616 367 in

212 397 390 439 alterius
426 394 716 437 commodum
752 407 897 452 potest
931 396 1028 452 quis
1063 393 1281 449 ordinare,
1301 406 1405 437 sunt
1433 393 1616 438 liberales

208 468 272 509 vel
311 466 575 509 111‹·‹·l21111irzze.
597 466 772 508 Priores
807 464 1016 508 dicuntur
1050 464 1162 521 illae,
1191 466 1234 507 in
1260 464 1420 522 quibus
1455 465 1618 508 mentis

209 541 321 582 vires
356 549 615 580 exercentur
650 537 747 594 plus
782 552 913 594 quam
949 538 1060 579 vires
1105 537 1326 593 corporis:
1362 536 1468 578 aliae
1514 551 1618 579 vero

210 609 417 652 dicuntur
453 608 564 663 illae,
599 609 641 650 in
677 607 838 665 quibus
873 608 985 650 vires
1012 608 1211 664 corporis
1236 618 1494 649 exercentur
1524 606 1620 663 plus

209 695 341 738 quam
377 680 490 722 vires
525 679 701 722 mentis,
737 679 850 720 Hinc
886 677 1088 735 (scilicet,
1109 693 1159 719 ex
1193 678 1399 720 varietate
1434 692 1623 734 operum

211 766 321 808 quae
356 751 602 807 praestant)
639 749 843 791 homines
888 749 1090 791 servituti
1139 747 1298 791 addicti
1348 748 1622 805 appellantur

209 821 518 865 diversimode.
556 821 647 874 Qui
683 833 904 863 certorum
943 836 1152 878 agrorum
1190 820 1387 863 culturae
1421 819 1620 865 addictus

210 907 288 941 est,
324 893 483 936 dicitur
517 893 745 950 adscriptus
771 892 1010 949 ‹zdglclmnn
1045 893 1118 950 qui
1153 891 1204 935 ad
1238 904 1376 934 certas
1411 891 1620 949 quasdam

210 981 363 1022 operas
400 963 599 1007 mercede
635 962 880 1006 conductus
916 976 994 1011 est,
1030 976 1212 1006 vocatur
1249 964 1541 1020 mercenarius,
1575 979 1622 1006 ac

209 1052 288 1093 pro
323 1051 480 1093 operae
514 1050 644 1092 quain
668 1046 856 1091 praestat
880 1034 1131 1077 diversitate
1156 1034 1397 1091 appellatur
1415 1033 1620 1091 Jizmulus,

208 1107 385 1156 salonas,
404 1107 615 1163 operarius
637 1105 857 1163 etc.(1).--
876 1106 919 1164 c)
934 1106 1129 1148 Servitus
1150 1117 1253 1147 tunc
1274 1104 1433 1148 dicitur
1448 1106 1624 1163 perji’clzz

208 1178 385 1237 quando
420 1190 461 1221 et
495 1190 706 1235 perpetua
740 1188 819 1233 est,
853 1190 895 1219 et
928 1176 979 1220 ad
1014 1173 1169 1219 omnes
1206 1192 1359 1233 operas
1384 1177 1622 1219 exteriores

207 1249 258 1292 ad
294 1262 453 1292 nutum
488 1247 659 1291 domini
694 1246 959 1290 exhibendas
999 1262 1043 1288 se
1078 1246 1287 1302 extendit,
1322 1258 1363 1288 et
1397 1246 1456 1289 nil
1507 1244 1623 1288 aliud

208 1321 361 1376 recipit
384 1335 463 1376 pro
488 1317 689 1361 mercede
715 1333 845 1375 quam
870 1317 1092 1372 alimenta,
1112 1329 1268 1372 vestes,
1284 1316 1452 1373 aliaque
1473 1315 1624 1358 huius-

212 1390 333 1433 modi
387 1389 437 1432 ad
472 1391 606 1432 vitam
644 1388 991 1431 continuandam
1026 1389 1282 1431 necessaria.
1319 1388 1411 1440 Qui
1444 1386 1519 1429 tali
1537 1401 1624 1429 ser-

209 1464 339 1506 vituti
373 1461 620 1517 subiicitur,
645 1462 679 1503 is
705 1473 768 1502 est
791 1461 924 1502 striclo
944 1475 1074 1502 sensu
1101 1475 1267 1515 servm,
1292 1470 1333 1501 et
1356 1473 1377 1500 a
1400 1456 1623 1501 veteribus

211 1534 458 1590 utcmcipium
481 1530 793 1589 appellabatur.
820 1531 936 1572 Haec
961 1531 1091 1572 etiam
1117 1530 1304 1573 servitus
1325 1527 1515 1586 perfecta
1533 1542 1623 1570 non

211 1615 428 1660 repugnat
463 1617 643 1659 prorsus
679 1601 762 1642 iuri
797 1599 1008 1642 naturali:
1044 1611 1107 1642 est
1142 1611 1289 1641 tamen
1324 1597 1527 1654 dignitati
1549 1611 1624 1640 na-

211 1686 335 1717 turae
370 1673 588 1716 humanae
608 1673 755 1715 minus
776 1686 984 1713 consona.
1020 1671 1134 1713 Hinc
1169 1681 1233 1712 est
1267 1668 1441 1712 odiosa:
1468 1679 1509 1710 et
1533 1667 1623 1711 lau-

212 1745 263 1789 de
297 1758 400 1788 sunt
435 1744 556 1801 digni
590 1744 665 1799 illi,
710 1743 799 1800 qui,
834 1742 1025 1785 Ecclesia
1068 1753 1306 1799 praeeunte
1350 1740 1549 1783 doctrina
1583 1750 1624 1781 et

212 1815 429 1872 exemplo,
463 1829 558 1857 eam
593 1831 613 1855 e
648 1812 794 1855 medio
844 1812 998 1855 tollere
1047 1810 1225 1869 (mediis
1260 1809 1438 1868 quidem
1474 1808 1624 1867 iustis)

212 1897 443 1928 conantur.

302 1958 353 1999 ΙΙ.
380 1958 493 2000 PARS
517 1970 704 2000 ALTERA.
731 1955 948 2008 Quamvis
984 1954 1130 1996 omnis
1165 1952 1313 1995 herilis
1348 1951 1533 1994 societas
1568 1950 1623 1991 sit

214 2029 356 2086 aliqua
375 2029 578 2081 servitus,
599 2039 745 2070 tamen
768 2042 857 2068 non
878 2026 1023 2068 omnis
1043 2025 1230 2067 servitus
1254 2038 1329 2065 seu
1366 2037 1455 2065 non
1476 2020 1622 2063 omnis

216 2111 468 2141 contractus
488 2114 589 2141 cum
623 2098 833 2155 operariis
869 2096 1019 2151 initus,
1049 2095 1200 2151 eoipso
1235 2105 1299 2135 est
1333 2092 1404 2135 illa
1438 2092 1622 2134 societas

218 2168 381 2224 herilis,
417 2183 549 2226 quam
585 2183 664 2210 nos
700 2166 887 2210 dicimus
913 2180 1005 2207 esse
1040 2165 1178 2220 magis
1204 2164 1247 2205 in
1274 2175 1454 2205 naturae
1480 2162 1623 2204 inten-

218 2240 353 2295 tione,
388 2252 615 2297 tamquam
650 2237 1031 2295 complementum
1065 2234 1267 2277 familiae.
1293 2233 1353 2275 Ut
1387 2232 1493 2275 unio
1519 2231 1622 2273 haec

291 2474 341 2520 (Ι)
369 2475 422 2509 De
451 2474 620 2509 servitute
650 2471 691 2507 cf.
712 2473 817 2507 etiam
839 2469 1049 2516 Tongiorgi,
1068 2468 1147 2502 Eth.
1166 2478 1262 2500 num.
1281 2475 1359 2508 410.
1379 2475 1476 2510 seqq.
