1705 2787
776 61 1036 117 —348—

199 169 319 224 vulgi
364 167 663 210 caeremonias
717 166 998 224 spernebant,
1053 166 1330 209 affirmabant
1364 168 1482 210 Deos
1516 181 1609 208 esse

199 240 370 298 publice
406 254 491 282 una
527 253 630 281 cum
665 238 831 295 populo
866 232 1102 281 colendos:v
1127 239 1383 281 societatem
1432 238 1607 282 civilem

200 312 357 355 debere
391 326 484 352 esse
517 310 688 366 atheam,
738 322 811 353 aut
860 325 1012 366 gerere
1065 326 1109 352 se
1144 322 1372 368 tamquam
1408 311 1443 353 si
1491 311 1611 353 Deus

201 383 389 425 omnino
423 397 515 424 non
549 392 678 436 esset,
714 396 768 423 ne
801 382 1085 424 somniarunt
1119 380 1315 438 quidem.

294 468 388 510 197.
422 453 666 496 Scuorrou.
703 453 765 495 Ex
799 452 960 510 quibus
994 465 1127 509 patet,
1152 454 1333 510 quinam
1359 453 1446 495 sint
1471 453 1615 495 cultus

202 525 365 583 publici
408 536 450 566 et
483 523 656 566 socialis
679 524 800 582 fines.
827 551 878 554 —
899 525 1025 566 Prior
1050 523 1150 567 finis
1184 536 1263 580 est,
1299 538 1616 580 recognoscere

201 610 467 653 supremum
501 595 583 637 Dei
626 593 879 637 dominium
928 596 972 637 in
1022 595 1228 637 homines
1277 596 1366 638 sive
1415 595 1616 652 singulos

202 669 292 710 sive
312 667 446 709 etiam
481 667 713 708 communi
749 667 958 708 societate
993 667 1273 722 coniunctos,
1308 682 1383 709 seu
1416 665 1618 724 profiteri

202 738 453 781 absolutam
488 737 624 794 ipsius
660 736 880 779 humanae
915 738 1138 780 societatis
1173 753 1195 779 a
1228 739 1323 780 Deo
1368 735 1618 794 dependen-

202 811 323 853 tiam.
350 836 402 841 —
427 809 551 852 Alter
587 808 686 851 finis
722 821 801 865 est,
836 810 931 866 pios
967 824 1067 866 erga
1091 808 1368 851 divinitatem
1392 824 1548 851 sensus
1573 809 1618 851 in

203 882 409 925 omnium
428 881 588 923 animis
607 881 810 937 excitare,
825 897 902 923 seu
919 896 1183 938 promovere
1197 880 1367 923 cultum
1383 881 1618 937 privatum:

203 953 246 996 id
271 952 406 1010 quod,
441 964 490 995 ut
513 951 722 1008 vidimus,
746 953 789 995 in
815 953 1061 995 maximum
1087 953 1223 1009 ipsius
1248 951 1386 994 civilis
1406 951 1620 994 consortii

205 1023 374 1067 bonum
409 1023 640 1066 redundat.

323 1095 571 1139 Obiiciunt:
592 1096 712 1138 Deus
737 1110 827 1137 non
852 1094 1020 1151 indiget
1043 1095 1165 1138 cultu
1193 1095 1275 1138 hoc
1294 1094 1486 1152 publico:
1513 1109 1618 1151 ergo
1667 1137 1669 1139 ,

204 1183 307 1211 eum
341 1182 432 1210 non
466 1168 613 1224 exigit.
650 1193 701 1198 -
738 1165 1003 1223 Respondeo
1051 1166 1114 1224 α),
1164 1168 1311 1209 Deum
1354 1182 1407 1209 ne
1451 1167 1621 1223 privato

209 1238 389 1297 quidem
405 1238 526 1281 cultu
543 1237 807 1295 indigere,et
822 1250 970 1280 tamen
990 1253 1092 1280 eum
1108 1237 1276 1295 (neque
1291 1238 1373 1280 hoc
1388 1236 1623 1280 adversarii

205 1310 391 1369 negant)
425 1310 614 1366 exigere.
650 1336 702 1340 —
738 1309 1004 1367 Respondeo
1038 1309 1099 1367 β),
1131 1311 1278 1352 Deum
1322 1308 1501 1366 publico
1547 1308 1622 1351 illo

209 1382 329 1425 cultu
366 1397 458 1424 non
493 1381 706 1438 indigere,
741 1394 782 1424 et
817 1394 965 1423 tamen
1000 1396 1102 1423 eum
1138 1382 1325 1436 exigere.
1376 1381 1523 1437 Exigit
1557 1395 1621 1422 ra-

206 1456 328 1497 tione
362 1453 633 1510 indigentiae
668 1466 859 1496 nostrae.
896 1453 1042 1509 Exigit
1076 1454 1247 1495 ratione
1282 1451 1481 1494 infin-itae
1517 1466 1621 1494 suae

210 1525 434 1580 bonitatis,
469 1540 579 1582 quae
614 1524 745 1581 digna
780 1523 979 1581 profecto
1000 1535 1079 1579 est,
1104 1522 1223 1580 quod
1248 1522 1457 1566 omnibus
1482 1523 1624 1579 possi-

210 1597 371 1640 bilibus
405 1597 551 1640 modis
587 1609 933 1653 recognoscatur
958 1611 979 1637 a
1004 1594 1131 1638 nobis
1157 1607 1199 1637 et
1220 1593 1437 1650 laudetur,
1462 1594 1623 1651 quippe

209 1685 321 1727 quae
356 1670 560 1711 omnium
596 1668 822 1711 bonorum
874 1667 971 1710 fons
1017 1679 1097 1722 est,
1133 1682 1223 1709 non
1258 1666 1403 1709 solum
1439 1666 1624 1723 singulis

210 1741 464 1797 individuis,
500 1740 574 1783 sed
610 1741 692 1798 ipsi
728 1741 861 1783 etiam
894 1740 1108 1782 societati.

302 1830 320 1851 ι(
344 1812 557 1854 Sanctum
582 1813 733 1868 igitur,
760 1810 1080 1853 concludemus
1106 1807 1303 1851 eiusdem
1327 1809 1495 1850 summi
1513 1809 1628 1850 Pon-

211 1883 341 1926 tificis
376 1883 536 1937 verbis,
573 1895 749 1940 oportet
783 1882 896 1939 apud
932 1883 1150 1939 principes
1186 1896 1279 1923 esse
1313 1881 1395 1922 Dei
1447 1895 1628 1933 nomem

213 1954 564 2012 ponendumque
599 1956 643 1997 in
679 1955 925 2011 praecipuis
960 1954 1141 1996 illorum
1176 1952 1331 1994 officiis
1382 1952 1626 2009 religionen

214 2026 352 2081 gratia
376 2025 626 2081 complecti,
655 2024 961 2067 benevolentia
986 2025 1116 2078 tueri,
1139 2023 1402 2065 auctoritate
1426 2035 1630 2080 nutuque

214 2095 363 2151 legum
398 2108 562 2151 tegere,
602 2111 679 2137 nec
715 2096 943 2152 quippiam
992 2095 1224 2137 instituere
1259 2105 1332 2135 aut
1376 2092 1628 2149 decernere,

216 2166 334 2223 quod
369 2167 424 2208 sit
460 2168 552 2208 eius
588 2167 885 2208 incolumitati
921 2167 1211 2208 contrarium.
1241 2183 1258 2205 >)
1593 2215 1606 2231 0

306 2238 478 2279 Verum
514 2238 743 2280 conclusio
779 2238 880 2280 haec
917 2240 1026 2280 tanti
1052 2249 1117 2279 est
1142 2238 1375 2291 momenti,
1402 2250 1448 2279 ut
1473 2252 1630 2294 operae

220 2309 412 2364 pretium
449 2309 505 2349 sit
538 2309 581 2350 in
618 2324 663 2350 ea
701 2308 971 2351 enucleanda
1021 2308 1188 2351 diutius
1239 2309 1484 2350 immorari.
1535 2309 1633 2350 Huc

218 2391 366 2418 autem
403 2377 664 2433 spectabunt
699 2378 861 2429 theses,
899 2394 1009 2434 quae
1043 2390 1307 2435 sequuntur.
