1705 2787
214 191 365 237 turalis
391 190 559 236 ordinis
584 192 816 249 exigentia:
852 189 1233 248 quemadmodum
1259 188 1523 248 explicatum
1549 201 1631 234 est.

210 263 254 305 Si
290 278 393 305 vero
428 263 613 304 societas
649 261 787 303 civilis
822 271 1045 317 spectetur
1079 261 1120 302 in
1148 259 1412 317 particulari,
1460 259 1630 304 facturn

206 334 410 390 princeps,
454 349 505 374 ex
549 347 638 389 quo
673 332 858 373 societas
893 330 1032 373 civilis
1067 330 1111 372 in
1147 341 1357 372 concreto
1407 330 1631 387 originem

213 404 347 459 ducit,
381 416 445 445 est
471 405 561 460 ipsa
596 401 862 445 familiarum
897 417 948 444 ex
982 400 1138 444 eodem
1173 402 1321 458 stipite
1355 402 1631 458 propagatio,

214 490 289 517 seu
316 473 477 516 factum
505 473 730 516 naturale:
766 471 1146 530 quemadmodum
1172 472 1437 529 explicatum
1468 473 1630 529 pariter

213 557 276 587 est
302 544 388 602 (1).

303 616 527 669 Quaeres3
554 628 676 658 estne
702 616 836 672 igitur
871 614 1057 656 societas
1092 613 1231 657 civilis
1264 614 1530 657 necessaria?
1553 614 1630 657 Est

214 686 457 728 necessaria
491 685 574 727 hoc
609 701 757 741 sensu,
808 684 927 742 quod
974 684 1202 727 moraliter
1236 683 1512 742 impossibile
1546 696 1627 741 est,

214 772 325 812 eam,
344 755 520 799 familiis
545 755 813 799 sufficienter
839 756 1158 813 multiplicati&
1183 770 1275 798 non
1301 756 1500 799 existere.
1524 756 1629 799 Non

213 838 277 869 est
310 839 460 869 autem
494 827 736 870 necessaria
771 826 855 869 hoc
890 842 1038 882 sensu,
1073 824 1192 883 quod
1217 839 1374 868 omnes
1399 837 1440 868 et
1463 825 1628 883 singuli

214 898 419 941 homines
454 911 688 941 teneantur
722 914 774 942 ex
807 910 988 941 naturae
1022 909 1256 955 praecepto
1290 896 1462 954 ingredi
1491 898 1629 941 socie-

212 981 347 1012 tatem
381 969 571 1025 civilem,
607 970 651 1013 in
687 985 824 1027 eaque
873 984 1047 1026 semper
1082 984 1355 1026 permanere.
1392 994 1445 1000 —
1480 968 1627 1012 Socia-

212 1040 353 1084 bilitas
378 1053 443 1084 est
466 1041 511 1084 in
536 1039 760 1084 omnibus:
782 1040 1005 1084 ordinatio
1029 1039 1081 1083 ad
1105 1041 1363 1083 societatem
1387 1055 1463 1083 seu
1492 1041 1627 1083 vitam

211 1111 501 1155 domesticam
536 1124 578 1154 et
611 1112 784 1154 civilem
819 1124 884 1154 est
917 1113 961 1154 in
996 1110 1234 1154 omnibus:
1262 1110 1366 1154 haec
1390 1110 1480 1154 duo
1505 1111 1625 1154 enim

212 1185 351 1241 ipsam
387 1195 724 1241 consequuntur
759 1195 980 1225 naturam,
1012 1181 1208 1225 Actualis
1244 1182 1515 1225 naturalium
1549 1181 1623 1224 ha-

213 1271 313 1298 rum
362 1255 705 1298 inclinationum
739 1255 928 1312 expletio
973 1256 1135 1312 poterit
1170 1254 1320 1297 deesse
1354 1256 1397 1297 in
1435 1270 1525 1297 uno
1559 1254 1627 1298 vel

213 1326 365 1369 altero.
403 1343 422 1366 ‹<
460 1326 564 1369 Non
599 1327 733 1380 enim,
768 1326 912 1383 inquit
946 1341 980 1367 s.
1005 1325 1205 1367 Thomas
1231 1325 1318 1383 (2),
1348 1326 1391 1367 in
1417 1324 1630 1368 omnibus

212 1396 468 1455 perducitur
503 1396 554 1440 ad
587 1396 791 1440 effectum
828 1396 869 1439 id
903 1396 953 1439 ad
989 1396 1107 1454 quod
1142 1396 1354 1439 naturalis
1400 1397 1511 1439 ratio
1556 1397 1620 1439 in-

212 1470 358 1512 clinat.
397 1487 416 1509 »

364 1625 400 1670 ᾗ.
434 1612 486 1655 ΙΙ.
522 1612 583 1655 Dc
619 1612 787 1655 materia
822 1626 889 1654 sen
924 1611 1095 1654 subiecto
1129 1612 1324 1654 societatis
1359 1610 1507 1654 civilis.

792 1758 942 1787 T1112sls
965 1757 1051 1787 Lvi.

223 1874 367 1919 Civilis
400 1876 596 1918 societatis
632 1877 801 1918 materia
835 1890 901 1918 sen
937 1875 1153 1918 subiectum
1196 1874 1388 1931 proxime
1421 1882 1452 1915 et
1478 1881 1552 1930 per
1587 1888 1626 1916 se

332 1955 424 1989 sunt
449 1946 655 2004 familiae,
693 1962 742 1988 ex
792 1945 934 2003 quibus
979 1946 1163 2001 exsurgit
1211 1945 1368 2000 civitas,
1402 1959 1502 2001 qnae
1528 1952 1625 2002 pro-

332 2018 426 2060 inde
459 2026 512 2059 est
546 2019 711 2060 societas
745 2017 961 2074 composita
995 2031 1063 2058 seli
1098 2016 1307 2071 organica.

308 2161 401 2202 152.
438 2148 800 2192 PRAENOTIONES.
836 2148 917 2190 Per
951 2147 1163 2190 materiam
1198 2145 1421 2188 societatis
1440 2144 1626 2189 alicuius

215 2218 507 2273 intelligimus
563 2231 789 2275 personaS,
834 2233 884 2260 ex
934 2216 1096 2275 quibus
1146 2217 1332 2258 societas
1381 2215 1452 2258 illa
1487 2216 1626 2259 coale-

288 2418 344 2462 (Ι)
373 2416 428 2451 Cf.
455 2427 574 2451 rursus
602 2417 819 2457 liberatore,
848 2415 914 2451 loc.
943 2426 977 2451 et
1003 2427 1100 2451 nnm.
1128 2415 1185 2450 cit.

289 2482 333 2519 ¹2)
362 2478 399 2510 ln
429 2476 539 2521 suppl.
569 2488 598 2521 q.
627 2487 682 2523 49.
712 2489 739 2510 a,
769 2487 799 2509 2.
830 2495 869 2500 ν-
897 2477 951 2510 De
979 2476 1178 2511 christianis
1199 2473 1422 2509 anachoretis
1443 2473 1484 2507 cs.
1505 2474 1626 2520 Tapa-
