1705 2787
765 80 814 94 7..-
853 78 874 119 '9
881 76 906 106 ()
942 80 987 94 ...ί

260 181 354 230 131.
391 166 764 217 DEMONSTRA‘rm.
799 172 830 214 I.
866 171 911 214 Id
946 184 1094 214 autem
1122 170 1233 212 ratio
1251 165 1388 226 primo
1418 164 1587 227 colligit

168 262 217 287 ex
252 245 458 301 inspectis
494 241 766 285 naturalibus
802 242 997 297 coniugii
1034 238 1211 282 finibus.
1248 265 1299 269 —
1336 240 1430 281 Hoc
1466 240 1586 281 enim

166 330 230 359 est
266 316 468 373 inprimis
504 312 807 364 manifestum,
859 314 1073 355 unionem
1110 310 1388 367 coniugalem
1426 310 1583 353 debere

164 403 214 429 ex
250 399 432 428 naturae
467 384 560 439 lege
586 399 679 425 esse
704 383 959 439 diuturnam,
993 398 1068 424 seu
1105 381 1272 424 tamdiu
1309 381 1462 423 saltem
1490 395 1586 437 per-

165 457 321 501 durare
356 456 527 505 debere,
571 454 782 511 quamdiu
839 454 1017 511 physica
1068 466 1109 496 et
1156 452 1335 494 moralis
1388 451 1587 494 liliorum

168 527 370 570 educatio
405 526 539 583 (quae
575 523 778 567 educatio
813 539 864 567 ex
900 537 1081 566 naturae
1107 524 1200 579 lege
1225 522 1277 564 ab
1302 535 1494 579 utroque
1516 537 1587 579 pa-

170 610 292 640 rente
327 598 368 639 in
405 594 598 637 solidum
634 610 708 637 seu
763 595 1013 637 coniunctis
1067 608 1151 636 una
1187 593 1302 635 curis
1337 604 1402 634 est
1446 607 1589 649 praes-

171 667 323 726 tanda)
357 668 411 709 sit
447 667 527 708 rite
551 666 956 723 convenienterque
981 664 1196 707 absoluta.
1223 664 1359 720 Atqui
1385 661 1588 705 educatio

170 740 274 781 haec
310 737 508 781 filiorum
558 736 772 795 (filiormu,
792 738 1005 794 inquam:
1041 735 1148 779 dum
1184 736 1303 777 enim
1335 749 1450 777 unus
1486 733 1590 777 edu-

170 823 291 853 catur
326 809 459 864 filius,
493 808 601 850 alter
636 807 882 850 secundum
918 807 1166 850 normalem
1202 818 1384 848 naturae
1408 820 1589 848 cursum

169 882 368 938 gignitur
402 892 533 937 atque
567 879 690 935 alter,
725 880 800 936 qui
851 894 1007 921 omnes
1057 877 1135 921 filii
1171 876 1329 920 iisdem
1365 877 1483 919 curis
1518 891 1590 933 pa-

170 965 347 995 rentum
373 950 597 1007 indigent)
623 950 880 992 naturaliter
906 965 995 992 non
1021 949 1278 1005 absolvitur,
1304 950 1390 991 nisi
1410 946 1589 1006 quando

168 1036 370 1082 parentes
405 1034 658 1080 provectam
693 1034 879 1064 aetatem
915 1022 1180 1077 attigerunt:
1208 1033 1313 1063 tunc
1338 1032 1486 1062 autem
1512 1034 1586 1062 na-

169 1094 299 1138 turali
333 1093 582 1136 necessitati
632 1093 950 1149 procreationis
1001 1091 1197 1134 filiorum
1233 1103 1274 1133 et
1308 1089 1586 1133 educationis

171 1167 275 1224 ipsis
310 1163 628 1223 impertiendae
677 1163 871 1207 succedit
920 1163 1131 1206 naturalis
1166 1163 1402 1208 necessitas
1438 1162 1587 1204 mutui

171 1237 320 1280 auxilii
354 1249 395 1279 et
429 1236 574 1278 solatii
609 1234 690 1277 sibi
726 1234 976 1292 praebendi,
1013 1236 1056 1277 in
1092 1249 1181 1292 quo
1206 1235 1316 1276 situs
1342 1245 1406 1276 est
1431 1248 1588 1275 secun-

173 1309 320 1353 darius
359 1308 635 1350 matrimonii
670 1306 880 1365 finis(1).
927 1307 1044 1363 Ergo
1094 1307 1204 1348 ratio
1240 1304 1349 1347 bene
1383 1303 1589 1346 consulta

173 1379 320 1434 dictat,
356 1380 569 1421 unionem
605 1378 846 1433 coniugum
896 1393 985 1419 non
1022 1376 1156 1419 modo
1206 1376 1444 1418 diuturnam
1496 1389 1590 1417 esse

174 1451 345 1501 debere,
381 1449 454 1493 sed
489 1450 618 1493 etiam
655 1449 708 1491 tul
743 1458 905 1491 mortem
943 1464 1063 1506 usquc
1107 1448 1339 1491 alterutrius
1384 1447 1582 1503 coniugis.

175 1522 291 1564 Haec
321 1521 454 1576 igitur
491 1532 698 1577 perpetua
733 1532 864 1577 atque
899 1519 1218 1562 indissolubilis
1256 1519 1361 1561 unio
1397 1518 1587 1573 exigitur

173 1747 373 1792 hominum,
401 1760 491 1794 quae
518 1748 697 1784 mutabilis
726 1759 779 1784 est
806 1758 840 1785 et
868 1750 982 1795 pravis
1011 1751 1142 1795 agitata
1165 1750 1425 1796 cupiditatibus.
1445 1750 1480 1784 Si
1500 1761 1586 1784 vero

176 1817 229 1842 est
262 1806 411 1841 solubile
451 1808 702 1842 tantummodo
742 1809 952 1851 extrinsece,
993 1809 1176 1843 subiicitur
1214 1808 1279 1843 soli
1309 1809 1457 1843 Auctori
1486 1818 1590 1843 natu-

175 1878 244 1907 rae,
271 1868 368 1901 cuius
387 1867 466 1911 lege
485 1866 541 1901 vel
569 1867 733 1912 delegata
761 1877 938 1912 potestate
967 1867 1056 1901 solvi
1085 1868 1337 1902 tantummodo
1365 1877 1493 1912 potest.
1530 1869 1593 1902 Est

174 1927 279 1970 igitur
306 1928 426 1971 magni
454 1927 628 1960 momenti
657 1928 845 1972 quaestio:
875 1936 912 1961 ut
940 1928 975 1960 in
1003 1936 1154 1962 tractatu
1183 1927 1225 1961 de
1253 1931 1331 1960 volo
1360 1927 1481 1971 magni
1509 1938 1590 1960 mo-

174 1987 284 2020 menti
313 1995 377 2028 est‚
406 1986 571 2031 expedire
599 1987 860 2031 quaestionem,
902 1995 1019 2020 utrum
1064 1996 1189 2021 votum
1228 1987 1306 2020 Deo
1346 1995 1590 2031 nuncupatum

174 2047 263 2080 solvi
291 2056 397 2092 queat
424 2047 636 2081 auctoritate
664 2047 800 2091 privata
826 2047 936 2092 ipsius
962 2048 1139 2090 voventis,
1169 2059 1210 2081 an
1239 2058 1325 2080 vero
1354 2055 1492 2081 tantum
1519 2047 1586 2080 Dei

177 2105 285 2149 ipsius
313 2105 523 2139 auctoritate
547 2103 605 2138 vel
632 2104 789 2146 alicuius,
818 2105 875 2150 qui
902 2105 1049 2139 nomine
1064 2105 1130 2139 Dei
1147 2114 1238 2150 agat.
1256 2103 1311 2138 Cf.
1326 2103 1493 2138 Palmieri
1515 2103 1536 2138 l.
1563 2116 1592 2138 c.

227 2163 282 2207 (1)
311 2162 364 2197 Cf.
393 2163 582 2207 TapareHi,
609 2165 727 2209 saggio
757 2175 827 2198 ecc.
868 2164 950 2197 diss.
980 2175 1009 2208 7.
1037 2176 1064 2198 c.
1096 2175 1124 2209 3.
1152 2175 1248 2197 num.
1280 2173 1390 2209 1529„
1418 2163 1474 2196 ubi
1501 2163 1594 2197 inter

180 2222 246 2256 alia
275 2223 380 2257 habet
406 2222 512 2256 haec:
543 2236 557 2252 α
586 2224 596 2256 Ι
625 2224 761 2268 parenti
783 2223 838 2257 col
856 2223 1049 2268 procedere
1071 2223 1164 2257 decli
1185 2223 1265 2257 anni
1287 2234 1304 2256 a
1323 2231 1454 2267 quante
1473 2234 1592 2257 vanno

180 2282 335 2327 suggetti
363 2280 539 2315 infermitit
567 2281 599 2314 di
627 2293 735 2326 corpo
764 2293 781 2315 e
809 2282 842 2315 di
870 2291 1003 2323 mente,
1032 2281 1097 2315 che
1125 2281 1286 2315 rendono
1315 2292 1355 2314 or
1383 2279 1514 2321 all'uno
1536 2281 1592 2315 dei

180 2341 248 2374 due
276 2352 316 2373 or
343 2340 455 2374 anche
485 2340 526 2373 ad
568 2341 740 2374 entrambi
774 2341 979 2375 necessario
1006 2352 1053 2374 un
1081 2339 1128 2375 tal
1165 2339 1308 2373 sussidio
1336 2350 1399 2384 per
1437 2349 1536 2384 parte
1564 2342 1592 2373 si

179 2401 233 2434 dei
263 2399 335 2444 figli
364 2402 391 2433 si
419 2399 476 2435 del
503 2409 704 2435 consorte...
732 2401 780 2435 La
808 2399 965 2445 famiglia
993 2401 1021 2434 si
1060 2399 1237 2435 comincia
1265 2398 1321 2433 col
1348 2400 1591 2443 matrimonio,

181 2461 207 2496 si
227 2471 405 2506 prosegue
424 2459 737 2502 coll'educazione,
758 2473 775 2493 e
792 2461 817 2493 si
839 2460 962 2494 finisve
981 2459 1229 2496 coll'assistere
1252 2458 1317 2493 alla
1338 2459 1530 2494 veccliiaia.
1548 2473 1565 2492 »
