1705 2787
680 88 731 93 ,--
772 76 846 104 '‘2‘'
888 88 939 93 .-...

767 92 786 118 .)
827 93 846 118 J

94 169 276 229 quidam
325 169 502 228 recens)
557 169 701 228 aliqua
752 182 908 213 contra
956 170 1277 227 proprietatem
1327 169 1514 211 crimina

93 242 202 285 olim
235 239 554 299 puniebantur,
590 257 708 284 nunc
742 254 894 284 autem
929 256 1020 284 non
1045 241 1239 298 amplius
1262 242 1516 298 puniuntur

92 329 233 371 poena
267 313 441 355 mortis.
477 312 521 355 Si
556 312 906 370 quadriennium
941 325 1043 356 ante
1067 312 1200 355 huius
1225 327 1394 369 poenae
1413 311 1520 354 abo-

90 384 310 440 litionem,
329 382 382 426 ab
402 398 521 426 anno
551 384 658 439 1855
686 383 738 427 ad
760 399 930 427 annum
959 384 1086 439 1859,
1106 394 1147 425 et
1167 382 1516 440 quadriennium

93 467 196 513 post
230 456 324 498 eius
359 454 668 510 abolitionem,
707 454 759 497 ab
800 471 919 498 anno
965 455 1072 510 1875
1099 453 1151 497 ad
1186 469 1356 497 annum
1396 454 1521 510 1879,

91 526 215 585 (post
233 527 392 583 viginti
413 525 580 568 scilicet
604 541 829 569 annorum
849 527 1174 585 interiectum),
1199 541 1512 584 comparemus

92 600 207 642 inter
241 613 310 651 se3
345 598 601 641 invenimus
636 599 879 640 criminum
927 613 1171 641 numerum
1221 613 1315 639 esse
1367 597 1514 640 multo

93 672 332 725 minorem,
367 681 606 727 postquam
633 668 679 712 ea
704 670 889 712 crimina
911 669 1139 713 desierunt
1174 670 1322 726 puniri
1343 681 1514 712 morte:

94 740 316 799 siquidem
361 753 461 798 post
504 756 671 797 poenae
717 740 850 783 huius
901 740 1193 784 abolitionem
1248 742 1520 791 invenimus,

95 814 253 872 quovis
302 828 437 869 anno,
490 826 573 867 520
622 813 809 855 crimina
859 814 1010 867 minus,
1045 828 1178 870 quam
1213 825 1328 855 ante.

185 884 421 941 Responsio.
457 884 501 926 Si
535 884 650 926 inter
701 882 790 926 duo
834 884 910 926 illo
957 883 1081 935 facta,
1131 885 1157 926 i.
1194 900 1228 926 e.
1264 883 1519 926 abolitionem

98 971 266 1014 poenae
300 956 453 1012 capitis
487 967 529 997 et
562 956 887 997 imminutionem
924 956 1180 1007 criminum,
1206 971 1345 998 nexus
1371 970 1521 1012 reapse

97 1028 319 1082 existeret,
334 1027 550 1079 nimirum
565 1027 601 1068 si
620 1025 719 1069 ideo
738 1027 978 1069 imminuta
993 1039 1140 1069 essent
1155 1026 1269 1069 furta
1286 1038 1327 1069 et
1342 1027 1519 1083 rapinae

98 1099 201 1156 quia
225 1098 383 1140 mortis
409 1112 549 1154 poena
569 1096 651 1139 fuit
674 1096 870 1150 sublata3
898 1097 979 1140 lioc
1006 1096 1366 1141 concludendum
1390 1095 1518 1151 foret,

97 1184 291 1228 poenam
325 1169 494 1226 capitiS,
529 1184 615 1225 qua
651 1168 760 1211 olim
794 1184 843 1211 ea
877 1170 1063 1211 crimina
1082 1168 1406 1226 puniebantur,
1427 1183 1521 1210 esse

99 1240 244 1283 multo
259 1239 743 1296 minorem,multoque
760 1240 908 1281 minus
936 1238 1172 1295 deterrere,
1185 1255 1318 1297 quam
1331 1255 1520 1296 poenam

101 1313 287 1355 carceris
308 1312 439 1354 etiam
461 1311 853 1368 temporanei,qua
874 1326 992 1352 nunc
1017 1309 1131 1353 furta
1155 1323 1195 1352 et
1230 1312 1406 1368 rapinae
1441 1326 1522 1368 pu-

100 1384 303 1426 niuntur.
319 1380 366 1424 Id
380 1394 529 1424 autem
549 1394 613 1423 est
628 1382 777 1424 sensui
792 1382 1025 1423 communi
1041 1382 1174 1423 nimis
1190 1382 1518 1438 repugnans(2).

103 1455 439 1497 —Imminutio
474 1454 610 1510 igitur
644 1446 886 1496 criminum
907 1465 1007 1510 post
1030 1453 1322 1496 abolitionem
1348 1468 1518 1510 poenae

98 1526 251 1583 capitis
267 1524 396 1568 debet
415 1540 466 1567 ex
484 1524 579 1567 aliis
599 1524 912 1567 diversissimis
928 1525 1070 1567 causis
1092 1526 1244 1581 repeti,
1260 1525 1521 1581 praesertim

98 1612 199 1639 cum
220 1597 334 1638 inter
354 1596 700 1652 comparationis
727 1597 945 1638 terminos
970 1611 1130 1653 magna
1154 1597 1209 1638 sit
1243 1595 1415 1653 (viginti
1448 1611 1522 1637 an-

101 1667 290 1725 norum)
310 1668 574 1710 interiectio.
606 1668 758 1710 Potuit
791 1667 834 1710 id
870 1668 977 1710 oriri
1012 1683 1047 1709 e.
1067 1685 1107 1724 g.
1144 1684 1194 1709 ex
1216 1668 1419 1710 miseriae
1443 1682 1519 1709 seu

99 1738 320 1795 egestatis,
355 1753 465 1795 quae
501 1753 681 1781 movere
715 1738 767 1781 ad
791 1737 905 1781 furta
941 1738 1067 1792 solet,
1094 1739 1438 1780 imminutione:
1465 1753 1518 1780 ex

100 1809 260 1851 maiori
293 1808 490 1851 militum
525 1824 601 1851 seu
639 1809 850 1852 lictorum
884 1809 1126 1865 vigilantia,
1171 1825 1282 1866 quae
1316 1807 1520 1866 probabi-

99 1878 268 1922 litatem
305 1879 558 1923 occultandi
591 1881 760 1923 crimen
796 1881 1058 1923 imminuat:
1106 1897 1157 1923 ex
1205 1880 1427 1923 solertiori
1476 1881 1520 1922 in

101 1949 201 1993 siliis
236 1950 287 1993 ad
321 1950 588 2008 religionem
612 1953 916 2008 virtutemque
952 1951 1193 1994 educandis
1233 1967 1336 1994 cura
1388 1964 1520 2009 atque

103 2019 279 2063 studio:
316 2036 368 2063 ex
402 2022 560 2064 maiori
595 2037 786 2064 numero
822 2022 1055 2078 magisque
1092 2021 1297 2065 ordinato
1349 2023 1523 2065 viarum

103 2090 384 2150 publicarum
418 2105 534 2135 statu
570 2105 651 2135 etc.

220 2164 272 2207 V.
298 2165 390 2217 Qui
411 2164 705 2207 homicidium
724 2164 902 2221 aliquod
923 2167 1074 2208 animo
1097 2166 1298 2221 molitur,
1315 2181 1406 2208 non
1428 2178 1520 2208 tam

170 2302 224 2346 (Ι)
253 2302 330 2337 Hae
370 2303 506 2338 scilicet
534 2315 673 2338 annuae
714 2305 985 2349 supputationes
1015 2305 1234 2349 (slulislirliu)
1264 2307 1433 2350 praebent
1454 2305 1527 2340 sac—

101 2369 176 2395 tuin
205 2363 380 2407 augmenti
408 2371 467 2397 aut
490 2363 741 2396 imminutionis
760 2373 839 2408 post
861 2363 1017 2408 aliquam
1037 2363 1219 2397 inductam
1240 2364 1275 2397 in
1297 2364 1433 2409 legibus
1453 2377 1527 2399 niu—

101 2420 278 2454 tationem
321 2420 439 2455 Debet
467 2430 586 2455 autem
615 2421 727 2456 lector
753 2422 933 2467 inquirere
961 2430 1079 2456 utrum
1109 2432 1343 2467 augmentum
1373 2432 1432 2458 aut
1459 2425 1524 2457 iin-

102 2480 253 2514 niinutio
282 2480 469 2514 mutationi
500 2480 558 2515 illi.
589 2492 631 2514 tin
660 2492 744 2514 vcro
775 2481 850 2515 :iliis
879 2483 993 2515 causis
1021 2482 1123 2515 tribui
1147 2482 1286 2516 debeat.
