1705 2787
775 78 1005 119 ..28-

174 191 287 232 illum
323 188 507 230 obnoxiu
524 203 567 239 n,
602 184 901 228 validissimum
933 182 1099 236 faciunt,
1133 183 1328 225 rationem
1367 193 1406 224 et
1437 177 1598 224 societa-

173 270 262 302 tem.
298 261 436 315 Itaque
469 259 537 315 qui
570 273 640 314 pai·
672 272 757 298 esse
790 254 891 297 nulli
923 266 1075 311 posset,
1108 254 1140 295 si
1163 252 1437 306 seduceretur,
1461 266 1601 295 rerum

172 333 341 388 potitur.
375 331 556 372 Societas
591 328 646 370 illi
679 327 915 370 dominium
948 326 1139 368 omnium
1183 324 1423 368 animalium
1467 322 1602 367 dedit:

171 403 345 443 soszetas
377 401 495 442 terris
527 399 729 454 genitum,
765 398 806 438 in
840 395 995 438 alienae
1028 407 1199 437 naturae
1231 395 1455 437 transmisit
1478 394 1603 450 impe-

176 473 281 513 rium
315 482 354 512 et
387 469 591 513 dominari
633 468 756 509 etiam
800 468 841 508 in
885 466 988 508 mari
1032 466 1158 509 iussit.
1201 465 1314 507 Haec
1357 463 1605 506 morborum

181 543 354 597 impetus
378 541 519 591 arcuit,
543 539 742 581 senectuti
767 535 1016 580 adminicula
1038 537 1260 592 prospexit,
1284 535 1428 578 solatia
1460 546 1605 577 contra

175 611 342 655 dolores
375 610 509 654 dedit:
545 609 642 651 haec
676 608 803 651 fortes
848 621 925 649 nos
957 606 1065 660 facit,
1099 605 1212 663 quod
1234 605 1326 649 licet
1350 617 1494 649 contra
1524 604 1606 648 for-

177 686 319 724 tunam
352 681 566 725 advocare.
604 680 720 722 Hanc
753 678 851 721 tolle
893 690 933 720 et
976 679 1177 720 unitatem
1218 678 1378 734 generis
1420 676 1605 728 humani,

174 768 253 809 qua
287 754 368 794 vita
401 752 634 803 sustinetur,
672 748 845 792 scindes.
885 766 904 790 »
941 748 1082 791 Restat
1113 749 1239 805 igitur
1270 748 1487 790 hominem
1520 761 1631 801 esse-

176 836 320 865 natura
353 821 563 873 socialem,
599 832 638 863 et
672 820 777 862 lianc
811 818 1137 872 sociabilitatem,
1184 835 1254 861 seu
1298 817 1606 862 ordinationem

175 894 225 937 ad
260 893 466 936 socialiter
500 891 728 935 vivendum
762 906 856 933 cum
889 890 991 944 aliis,
1025 905 1112 933 esse
1154 890 1212 932 illi
1255 890 1495 932 essentialem
1525 887 1606 946 (1).

271 965 398 1006 Cuius
430 962 710 1005 sociabilitatis
731 960 831 1018 finis
863 960 1114 1003 immediatas
1146 972 1220 1011 est,
1251 972 1295 1002 ut
1317 959 1509 1002 homines
1535 973 1608 1016 per

176 1048 367 1077 mutuam
409 1035 564 1076 virium
606 1033 963 1076 consociationem
1010 1047 1052 1074 se
1095 1032 1273 1074 invicem
1318 1030 1510 1074 adiuvent
1554 1028 1606 1072 ad

177 1121 269 1148 eam
295 1107 459 1162 copiam
485 1105 692 1147 bonorum
715 1115 986 1145 externorum
1010 1118 1184 1160 eamque
1206 1103 1464 1145 securitatem
1486 1112 1606 1158 atque

176 1176 291 1218 illam
328 1177 513 1232 corporis
557 1175 765 1231 animique
811 1172 1108 1230 perfectionem
1153 1171 1463 1230 assequendam,
1507 1186 1606 1228 quas

175 1246 347 1289 solitarii
381 1247 541 1304 assequi
574 1246 766 1288 homines
801 1246 1065 1287 convenienti
1097 1245 1138 1287 in
1160 1244 1291 1302 gradu
1323 1255 1544 1301 nequeunt.

773 1420 916 1448 THESIS
948 1420 1018 1448 XL.

180 1537 292 1579 Haec
325 1537 520 1579 natm-alis
551 1536 720 1579 hominis
751 1535 1006 1586 sociabilitas‘,
1037 1535 1116 1592 ipso
1155 1534 1334 1576 natarali
1376 1532 1514 1576 ordine
1553 1533 1607 1575 sic

269 1609 459 1663 exigente,
493 1608 667 1649 exeritur
700 1608 742 1649 ia
775 1614 920 1657 astum,
956 1606 1090 1664 primo
1133 1604 1304 1662 quidem,
1350 1603 1416 1646 sed
1461 1604 1607 1645 incom-

262 1679 375 1736 plete,
407 1679 448 1720 in
478 1677 659 1735 familia,
691 1677 782 1719 dein
814 1691 907 1719 vero
940 1684 974 1718 et
1008 1675 1184 1733 complete
1216 1676 1259 1717 in
1280 1672 1410 1716 stabili
1424 1673 1607 1732 plurium

267 1749 528 1806 familiarum
560 1749 603 1790 in
636 1763 760 1789 namn
794 1756 929 1804 corpas
954 1747 1156 1805 politicam
1189 1747 1347 1796 unione,
1375 1758 1493 1802 quam
1516 1744 1608 1786 civi·

272 1829 390 1862 tatem
423 1819 671 1878 appellamus.
705 1818 817 1861 Hinc
864 1819 1076 1868 societates,
1123 1825 1207 1859 tam
1250 1816 1471 1869 domestica,
1522 1822 1607 1857 tam

271 1891 410 1942 civilis,
442 1899 534 1932 sant
558 1890 722 1948 proprio
755 1903 799 1931 ac
829 1890 962 1932 stricto
993 1903 1109 1930 sezsu
1140 1887 1354 1930 naturales.

280 1995 371 2035 116.
406 1992 769 2036 DEMONSTRA'HO.
805 1993 953 2044 Quum
995 2004 1130 2035 ratum
1173 1990 1385 2048 fixumque
1426 1991 1491 2044 sit,
1534 1989 1608 2033 ho-

183 2070 342 2111 minem
376 2068 423 2111 ab
456 2071 542 2125 ipsa
573 2081 717 2112 natura
750 2069 800 2113 ad
832 2071 1072 2112 societatem
1104 2067 1275 2124 impelli,
1306 2066 1407 2110 illud
1430 2077 1490 2109 est
1510 2065 1609 2108 ulte-

183 2141 266 2181 rius
318 2139 623 2196 inquirendum,
669 2153 807 2201 utrum
850 2141 985 2198 aliqua
1025 2140 1076 2182 sit
1117 2140 1290 2182 societas
1331 2138 1516 2197 specialis,
1557 2135 1608 2180 ad

257 2278 313 2321 (1)
341 2277 431 2311 Hinc
460 2289 568 2323 quum
597 2285 719 2312 natura
747 2290 819 2311 non
839 2286 1000 2319 exuatur,
1020 2285 1178 2312 asserunt
1196 2277 1362 2311 doctores
1379 2275 1474 2322 quod
1492 2274 1611 2308 homi-

186 2346 248 2369 nes
269 2336 304 2368 in
331 2345 420 2369 statu
449 2337 556 2370 etiam
583 2337 810 2371 innocentiae
837 2336 1007 2371 socialem
1033 2338 1143 2370 vitam
1161 2337 1340 2373 vixissent.
1371 2349 1389 2367 «
1407 2334 1543 2375 Homo,
1561 2332 1610 2367 ait

183 2407 210 2428 s.
240 2395 413 2437 Thomas,
439 2396 464 2429 Ι.
505 2407 536 2440 p.
564 2408 594 2440 q.
624 2406 678 2441 97.
708 2408 736 2429 a.
781 2408 820 2438 1.,
849 2396 1052 2430 naturaliter
1077 2404 1129 2430 est
1159 2395 1291 2430 animal
1324 2393 1466 2430 sociale.
1501 2393 1608 2428 Unde

189 2454 356 2488 homines
383 2455 419 2487 in
446 2463 536 2489 statu
563 2455 788 2489 innocentiae
815 2455 991 2490 socialiter
1016 2456 1197 2490 vixissent.
1224 2468 1241 2486 »
