1705 2787
780 27 1040 71 „370-

205 137 308 165 vero
343 123 410 164 ius
446 120 742 163 institutionis
778 118 1144 177 educationisque
1179 121 1410 163 curandae.
1443 138 1462 160 »
1499 122 1617 164 Haec

205 193 388 235 assertio
424 204 488 234 est
524 190 649 233 falsa:
686 205 872 248 eamque
907 191 1066 233 merito
1102 191 1204 233 Pius
1229 192 1304 233 IX.
1330 192 1373 233 in
1400 191 1620 249 encyclica

214 265 383 320 Quanta
416 278 516 306 cura
551 261 879 305 condemnavit.

324 334 501 377 Falsum
536 347 599 376 est
634 334 919 391 principium,
954 332 1073 391 quod
1108 332 1385 377 fundamenti
1418 334 1516 377 loco
1550 333 1621 377 ad-

204 407 414 450 struitur:
472 420 656 463 nempe,
706 406 965 447 societatem
1020 404 1278 447 familiarem
1329 417 1469 448 totam
1517 420 1620 448 suae

207 478 465 521 existentiae
499 477 717 518 rationem
773 476 969 518 mutuari
1019 490 1040 517 a
1075 476 1171 517 iure
1215 474 1443 518 dumtaxat
1491 476 1620 519 civili.

206 548 439 593 Manifeste
473 549 593 590 enim
628 563 718 590 non
754 548 904 590 civitas
940 560 1003 589 est
1028 548 1139 590 ratio
1165 563 1240 589 cur
1265 548 1420 590 existat
1444 546 1621 603 familia,

206 621 281 664 sed
316 636 337 663 e
371 621 594 663 contrario
630 618 793 662 familia
818 632 881 661 est
908 620 1019 662 ratio
1045 634 1123 661 cur
1147 620 1296 661 civitas
1332 620 1510 661 existat:
1537 634 1623 676 qua

208 691 259 735 de
295 707 338 735 re
373 691 468 734 aliis
504 691 611 734 Iocis
646 692 818 748 egimus
854 690 939 749 (1).

327 763 444 806 Cum
479 761 637 805 falsum
673 763 727 805 sit
752 763 1020 819 principium
1044 761 1166 819 illud,
1191 761 1294 804 falsa
1317 777 1494 820 quoque
1519 773 1622 805 sunt

208 835 454 890 corollaria,
489 850 600 892 quae
649 833 804 876 exinde
850 832 1147 876 deducuntur.
1183 833 1325 875 Multa
1373 845 1477 876 sunt
1511 834 1622 890 iura,

209 922 319 964 quae
353 907 444 963 ipsa
479 905 690 948 naturaiis
726 905 793 948 lex
836 904 999 948 directe
1044 904 1299 963 parentibus
1335 905 1534 962 largitur,
1558 906 1624 947 in-

209 979 363 1036 primis
403 990 553 1020 autem
600 978 669 1020 ius
720 977 982 1020 instituendi
1033 976 1336 1034 educandique
1386 976 1513 1020 filios.
1558 978 1624 1020 De

210 1047 372 1106 quibus
399 1049 531 1090 etiam
551 1062 653 1090 cum
687 1047 772 1089 alio
808 1048 904 1090 loco
926 1047 1019 1090 fuse
1054 1047 1222 1090 dictum
1259 1048 1314 1090 sit
1333 1047 1420 1106 (2),
1446 1062 1535 1089 non
1561 1058 1625 1089 est

209 1134 286 1162 cur
322 1119 447 1176 plura
481 1118 707 1161 addamus.

327 1192 379 1233 H.
416 1192 533 1234 Cum
569 1190 651 1233 hoc
687 1192 754 1233 ius
789 1191 844 1233 sit
869 1206 967 1233 vere
993 1206 1039 1232 ac
1064 1191 1240 1247 proprie
1266 1190 1480 1246 naturale,
1506 1190 1624 1247 prin-

210 1277 309 1319 ceps
347 1262 485 1305 civilis
520 1277 611 1304 non
647 1274 792 1319 potest
826 1261 893 1303 veI
944 1277 993 1303 ex
1042 1273 1138 1303 toto
1187 1261 1255 1303 veI
1288 1278 1339 1303 ex
1388 1273 1508 1318 parte
1556 1262 1624 1303 ius

209 1333 317 1376 illud
352 1333 515 1376 directe
550 1333 631 1376 sibi
667 1348 880 1390 usurpare
929 1349 1005 1376 seu
1040 1332 1273 1390 {arrogare
1318 1334 1421 1376 Non
1466 1345 1625 1390 potest,

211 1406 411 1463 inquam,
446 1405 523 1448 sihi
558 1414 772 1462 usurpare.
798 1405 914 1448 Nam
938 1404 1077 1447 multa
1101 1417 1220 1459 sunt,
1245 1420 1356 1462 quae
1381 1420 1470 1447 non
1498 1419 1625 1447 usur-

211 1478 330 1534 patio
366 1477 482 1520 iIIius
523 1478 646 1533 iuris,
681 1476 754 1519 sed
805 1476 1116 1519 adiumentum
1166 1489 1269 1518 sunt
1303 1475 1355 1518 ad
1405 1477 1473 1519 ius
1517 1475 1626 1518 illud

212 1548 530 1590 exercendum:
566 1563 768 1605 quaeque
818 1547 1003 1605 proinde
1053 1561 1198 1605 potest
1249 1549 1450 1605 princeps
1486 1548 1624 1590 civilis

212 1633 342 1678 atque
377 1621 511 1662 etiam
546 1619 673 1663 debet
724 1632 958 1677 praestare.
1009 1619 1210 1676 Exempli
1259 1620 1410 1675 gratia,
1459 1619 1626 1676 aperire

211 1690 399 1746 scholas,
435 1706 546 1748 quae
581 1692 668 1733 sint
704 1706 853 1747 reapse
888 1691 986 1747 puri
1027 1689 1170 1732 fontes
1205 1690 1295 1732 veri
1344 1689 1625 1746 honestique,

212 1762 357 1820 (nulla
392 1774 541 1804 tamen
591 1763 635 1805 in
686 1774 889 1819 parentes
933 1761 1143 1804 violentia
1193 1759 1401 1815 adhibita,
1437 1775 1521 1817 qua
1556 1775 1627 1802 co—

213 1846 372 1889 gantur
407 1833 458 1876 ad
493 1849 563 1876 eas
599 1848 825 1875 recurrere
859 1833 1069 1889 scholas),
1104 1831 1146 1874 id
1190 1846 1292 1872 sane
1328 1830 1451 1872 nuIIo
1500 1841 1627 1886 pacto

212 1918 290 1959 est,
314 1903 396 1946 sibi
417 1919 623 1960 arrogare
643 1902 974 1957 educationem,
994 1902 1068 1945 sed
1088 1900 1337 1944 subsidium
1359 1900 1514 1943 offerre
1540 1899 1626 1958 (3).

333 1975 409 2018 Est
443 1974 623 2032 quidem
659 1974 816 2017 offerre
851 1973 1118 2029 subsidium,
1153 1974 1188 2015 si
1222 1972 1346 2025 duae,
1382 1987 1488 2029 quas
1515 1972 1628 2014 clare

286 2170 341 2213 (1)
372 2170 426 2203 Cf.
454 2182 568 2214 super.
597 2170 687 2203 thes.
715 2171 786 2203 XL.
816 2179 849 2203 et
876 2170 964 2203 LVI.

285 2229 600 2273 (3)(ζ1ζιηηηίηο
629 2242 680 2272 ea,
722 2242 812 2274 quae
853 2230 895 2263 de
937 2229 1001 2270 his,
1043 2229 1122 2262 data
1164 2241 1283 2273 opera,
1324 2228 1474 2262 diximus
1514 2241 1628 2274 super.

213 2276 304 2310 tbes.
339 2277 497 2309 XIXIII.

287 2340 335 2374 ἐς)
365 2335 597 2368 Obiectiones
626 2336 759 2379 opponi
790 2335 905 2369 solent
935 2335 1070 2380 piures:
1098 2336 1160 2369 sed
1189 2347 1247 2369 eas
1276 2336 1344 2369 iam
1374 2344 1534 2369 accurate
1561 2334 1632 2369 soI-

214 2394 330 2426 vimus
360 2404 475 2437 super.
505 2392 525 2426 l.
551 2404 644 2426 nunc
675 2394 731 2427 cit.
