1705 2787
780 59 1038 110 ...a-240...-

194 178 279 223 que
323 163 471 206 omnia
517 178 594 205 sua
643 164 736 205 iura
785 162 907 206 cedat
958 163 1304 206 communitati:
1351 161 1463 206 hanc
1511 175 1615 207 vero

195 237 361 278 iurium
380 248 607 276 summam
632 248 707 276 seu
735 233 1119 290 aggregationem,
1146 234 1190 276 in
1211 235 1533 277 communitate
1552 249 1617 277 es-

195 306 436 349 sentialiter
457 317 497 347 et
517 303 856 346 immutabiliter
877 316 1233 361 permanentem,
1249 320 1342 347 esse
1361 320 1618 362 supremam

196 378 368 421 civilem
402 377 727 419 auctoritatem.
754 376 849 418 Hoc
885 374 1036 432 modo,
1070 376 1209 432 aiunt,
1244 391 1378 419 nemo
1412 375 1618 419 subditur

196 450 320 492 alteri
355 464 376 491 a
410 464 454 490 se
489 447 728 505 adaequate
762 446 989 503 distincto,
1025 447 1100 490 sed
1126 460 1302 490 tantum
1336 447 1618 491 submittitur

197 535 237 563 et
257 519 405 563 obedit
429 518 716 575 sibimetipsi:
744 517 962 573 videlicet,
988 519 1303 576 unusquisque
1325 531 1373 561 ut
1393 517 1618 562 individua

198 605 237 634 et
272 592 437 648 privata
472 605 660 647 persona
694 588 844 632 subest
864 588 947 631 sibi
981 588 1168 631 confuso
1203 605 1307 632 cum
1332 604 1473 632 massa
1498 605 1618 632 com-

199 662 337 704 muni.
358 661 473 702 Hinc
499 660 810 717 unusquisque
834 658 977 702 dicere
1000 672 1169 715 potest:
1196 660 1241 701 in
1261 672 1411 702 mente
1430 658 1618 717 publica,

198 747 309 790 quae
344 730 522 787 iudicat,
556 746 639 787 ego
684 729 858 773 iudico:
894 731 939 772 in
988 730 1219 773 voluntate
1268 730 1458 788 publica,
1507 746 1618 789 quae

198 804 478 858 determinat,
512 818 594 858 ego
628 801 877 845 determino
912 814 993 844 etc.
1028 802 1183 844 Paucis
1208 801 1374 845 verbis:
1410 817 1493 859 ego
1517 818 1618 846 sum

198 872 416 929 subditus,
451 887 532 928 ego
567 887 667 914 sum
716 873 939 929 princeps.
976 872 1029 914 Et
1062 872 1123 914 sic
1157 885 1355 915 servatur
1405 872 1620 916 naturalis

198 943 539 1001 independentia
573 942 625 985 ab
655 943 749 985 aliis
785 942 1048 985 horninibus
1089 943 1177 1002 (1).

316 1016 390 1058 III.
426 1016 539 1058 PARS
574 1028 751 1057 TERTIA.
800 1014 948 1057 Nemo
992 1029 1083 1056 non
1128 1013 1260 1070 videt,
1314 1015 1548 1072 multiplex
1581 1027 1622 1058 et

200 1086 431 1129 essentiale
456 1084 695 1128 discrimen
720 1086 833 1127 inter
859 1084 1081 1127 theoriam
1108 1098 1310 1128 veterum
1335 1099 1376 1129 et
1400 1086 1621 1129 theoriam

200 1158 273 1215 (ut
297 1171 393 1199 eam
420 1155 644 1199 brevitatis
669 1171 799 1198 causa
821 1155 1166 1215 appellabimus)
1191 1158 1507 1201 recentiorum.
1527 1159 1621 1200 Hae

200 1229 445 1272 sententiae
479 1226 687 1270 differunt
722 1243 856 1285 quam
891 1229 1081 1270 maxime
1116 1229 1230 1271 inter
1265 1244 1323 1271 se.

353 1300 427 1358 1.⁰)
460 1299 698 1355 Differunt,
732 1300 939 1356 inspectis
974 1300 1042 1356 iis,
1077 1315 1188 1357 quae
1224 1300 1406 1344 tradunt
1440 1300 1492 1344 de
1518 1313 1619 1345 ortu

202 1387 277 1415 seu
314 1373 487 1428 origine
512 1385 608 1415 tum
633 1372 771 1414 civilis
796 1373 1010 1414 consortii
1036 1385 1133 1415 tum
1157 1372 1326 1429 politici
1348 1374 1622 1431 principatus

203 1447 244 1487 in
281 1460 324 1487 se
359 1443 638 1487 considerati.
674 1470 726 1475 —-
763 1444 962 1499 Pactum,
995 1443 1114 1501 quod
1151 1446 1417 1488 recentiores
1454 1445 1622 1503 praedi·-

203 1529 302 1558 cant
336 1529 376 1558 et
411 1530 463 1557 ex
497 1530 586 1572 quo
622 1514 803 1558 illorum
839 1528 991 1558 ortum
1028 1528 1250 1573 repetunt,
1286 1529 1453 1559 veteres
1489 1516 1623 1560 haud-

204 1601 429 1644 quaquam
473 1584 731 1628 admittunt.

322 1657 404 1716 2.⁰)
437 1656 675 1712 Differunt,
713 1658 921 1713 inspectis
956 1658 1023 1714 iis,
1069 1673 1181 1715 quae
1226 1670 1429 1701 statuunt
1464 1658 1516 1701 de
1550 1674 1623 1701 na-

205 1740 304 1771 tura
337 1729 474 1785 ipsius
509 1728 677 1785 politici
719 1729 1006 1785 principatus.
1044 1754 1096 1759 —
1132 1728 1427 1773 Contendunt
1475 1744 1623 1772 recen-

205 1801 355 1857 tiores,
389 1816 487 1843 eam
520 1815 612 1843 non
647 1816 755 1856 esse,
790 1801 875 1843 nisi
909 1815 1135 1844 summam
1168 1800 1431 1845 facultatum
1455 1818 1531 1845 seu
1556 1803 1623 1845 iu·

206 1873 338 1928 rium,
373 1888 485 1930 quae
519 1872 684 1928 singuli
718 1871 924 1914 homines
967 1871 1142 1915 cedunt.
1177 1872 1225 1915 Id
1272 1886 1422 1916 autem
1454 1886 1623 1917 veteres

206 1956 354 1999 aperte
388 1943 631 2001 negabant:
667 1959 810 2000 secuS,
844 1959 935 1986 non
984 1943 1207 1987 dedissent
1250 1945 1367 1988 civili
1414 1944 1623 2003 potestati

206 2015 347 2058 multa
381 2017 478 2059 iura
511 2032 587 2059 seu
636 2034 656 2056 «
683 2016 832 2073 plures
865 2029 1001 2071 actuS,
1046 2017 1122 2074 qui
1166 2015 1374 2059 videntur
1409 2014 1617 2058 excedere

208 2087 452 2130 humanam
495 2088 751 2131 facultatem
799 2102 933 2146 prout
982 2101 1046 2131 est
1095 2089 1140 2131 in
1189 2088 1376 2145 singulis
1426 2086 1622 2130 homini-

209 2157 289 2201 bus
323 2157 418 2218 (2):
449 2178 468 2199 »
505 2175 541 2203 e.
576 2175 615 2217 g.
651 2161 809 2218 punire
845 2159 1165 2217 malefactores,
1211 2161 1346 2203 etiam
1395 2174 1536 2218 usque
1570 2157 1623 2205 ad

278 2348 334 2392 (ι)
361 2349 431 2382 Pro
458 2349 511 2391 iis,
539 2357 629 2393 quae
668 2348 702 2382 in
743 2347 852 2384 altera
889 2346 994 2383 huius
1033 2347 1179 2384 theseos
1219 2356 1320 2394 parte
1360 2344 1544 2391 tradimus,
1579 2340 1623 2382 cf.

208 2405 341 2441 thesim
367 2406 439 2440 iam
465 2407 523 2441 cit.
549 2406 656 2441 XLIL

279 2465 335 2506 ξε)
364 2466 479 2500 Verba
508 2475 587 2500 sunt
616 2467 787 2509 Suaresii,
812 2467 854 2500 de
882 2466 949 2513 leg.
972 2467 992 2502 l.
1021 2468 1079 2503 IIIe
1109 2479 1135 2502 c,
1167 2478 1196 2511 3.
1224 2478 1256 2502 11.
1288 2478 1314 2511 3.
