1705 2787
78 172 204 218 omni
235 172 513 230 legislatione
547 174 743 233 (praeter
769 175 980 219 mulieres
1005 191 1052 219 ac
1078 172 1409 234 filiosfamilias)
1434 168 1498 217 di-

79 246 374 302 stinguuntur
406 245 438 287 ii
472 246 549 303 qui
581 260 759 303 capaces
793 258 898 289 sunt
932 259 974 289 et
1006 248 1037 289 ii
1071 248 1147 305 qui
1180 261 1272 290 non
1305 257 1410 288 sunt
1435 260 1503 288 ca-

78 330 204 372 paces
239 312 471 357 exercendi
503 315 600 357 iura
632 315 811 372 politica
859 328 901 358 et
935 316 1091 359 civilia.
1141 315 1226 359 Sed
1275 327 1380 358 tunc
1414 329 1504 372 quo

78 383 259 427 tandem
293 383 406 427 redit
440 383 738 427 democratia?
773 386 924 438 Quare
959 401 1048 428 non
1075 386 1303 428 immerito
1328 384 1505 428 Libera-

79 467 176 498 tore
195 453 292 512 (1):
316 470 336 493 «
364 453 500 510 Saepe
523 455 761 511 contingit,
787 468 835 498 ut
860 455 1072 512 populare
1098 456 1298 512 regimen
1319 455 1503 497 nomine

78 538 209 570 tenus
242 525 413 569 dicatur
446 525 732 582 democratia,
769 526 843 570 sed
878 543 1030 584 reapse
1066 543 1157 570 non
1205 528 1261 570 sit
1296 528 1380 570 nisi
1414 527 1497 568 ari-

79 598 288 641 stocratia
321 597 462 654 magis
512 598 717 640 minusve
764 599 921 655 ampla,
951 616 969 638 »
1007 611 1048 641 et
1083 597 1321 656 aliquando
1367 599 1501 641 etiam

79 669 336 728 oligarchia.

169 741 469 796 Democratia,
504 738 636 797 dices,
672 740 756 783 hoc
793 740 897 784 boni
932 742 1089 785 saltem
1123 741 1269 798 habet,
1303 741 1423 800 quod
1457 743 1501 785 in

79 828 129 856 ea
161 812 324 856 abusus
359 813 634 855 auctoritatis
669 814 740 856 vix
774 815 913 870 possit
963 813 1123 857 habere
1173 815 1352 858 locum:
1399 830 1502 857 cum

82 886 202 928 enim
237 885 479 927 auctoritas
513 885 570 927 sit
602 885 647 927 in
673 896 766 927 tota
791 885 1019 928 collective
1045 887 1383 942 communitate,
1409 902 1500 929 non

82 968 228 1015 potest
257 957 449 999 exerceri
484 956 568 998 nisi
602 957 647 998 in
684 955 853 998 bonum
887 959 1024 1000 totius
1059 959 1411 1001 communitatis.
1448 985 1499 990 —-

83 1027 167 1092 Sed
201 1027 518 1084 animadverte,
542 1026 755 1070 factiones
790 1030 834 1070 in
870 1029 1036 1085 populo
1060 1045 1154 1071 esse
1188 1044 1318 1086 posse
1350 1045 1397 1072 ac
1431 1046 1501 1072 so-

81 1102 185 1146 lere.
235 1100 353 1144 Cum
397 1099 549 1157 legum
597 1101 860 1143 constitutio
910 1116 933 1143 a
980 1102 1139 1144 maiori
1187 1101 1502 1159 suffragiorum

80 1187 271 1216 numero
306 1171 564 1229 dependeat,
589 1173 624 1214 si
649 1188 734 1230 qua
767 1172 898 1215 factio
922 1174 1138 1216 maiorem
1163 1188 1243 1230 pro
1267 1189 1312 1215 se
1337 1175 1501 1217 civium

82 1256 324 1286 numerum
358 1240 529 1297 habeat,
564 1257 611 1284 ea
635 1244 800 1300 poterit
829 1243 945 1299 leges
981 1243 1171 1286 condere
1196 1245 1240 1286 in
1275 1245 1500 1302 propriam

82 1314 321 1358 utilitatem
369 1313 686 1370 conducentes,
721 1327 763 1357 et
797 1316 856 1357 sic
892 1315 1115 1373 reliquum
1165 1316 1384 1373 populum
1423 1332 1500 1374 op-

82 1387 286 1443 primere.
323 1387 474 1439 Quare
498 1385 661 1429 abusus
685 1387 962 1429 auctoritatis
984 1399 1130 1444 potest
1155 1388 1199 1429 in
1234 1387 1503 1432 democratia

85 1458 244 1502 habere
279 1458 429 1501 locum
463 1474 601 1516 aeque
635 1474 681 1501 ac
716 1459 761 1501 in
795 1459 888 1501 aliis
925 1460 1154 1515 regiminis
1194 1459 1364 1503 formis.

170 1531 322 1587 Itaque
355 1530 496 1573 virtus
530 1531 576 1572 in
611 1529 759 1573 medio
793 1542 880 1572 est:
932 1531 976 1572 in
1011 1529 1152 1572 forma
1186 1531 1330 1588 aliqua
1364 1532 1501 1574 mixta

84 1618 130 1645 ac
166 1614 283 1645 recte
317 1614 574 1660 temperata,
619 1618 730 1660 quae
780 1601 1007 1659 provideat
1057 1603 1220 1645 nimiae
1270 1602 1499 1647 stabilitati

83 1674 367 1717 monarchiae
401 1686 442 1717 et
461 1675 626 1717 nimiae
650 1674 854 1717 consulat
879 1673 1173 1716 democratiae
1197 1674 1501 1732 mutabilitati,

85 1762 196 1805 quae
232 1762 323 1789 non
358 1747 510 1789 omnia
543 1745 755 1789 concedat
779 1746 997 1788 voluntati
1024 1747 1156 1788 unius
1182 1762 1326 1804 neque
1351 1749 1503 1790 omnia

84 1820 304 1877 relinquat
337 1818 520 1862 arbitrio
554 1818 872 1874 multitudinis,
907 1834 1017 1876 quae
1041 1834 1131 1861 non
1169 1835 1310 1863 unum
1334 1821 1503 1864 solum-

83 1890 219 1934 modo
253 1891 305 1934 ad
338 1891 610 1949 gubernium
645 1891 848 1934 admittat
883 1907 1026 1948 neque
1051 1907 1207 1933 omnes
1234 1892 1503 1936 indiscrimi-

85 1963 224 2006 natim
259 1962 410 2006 reddat
454 1962 661 2020 gubernii
711 1963 960 2020 participeS,
1010 1963 1053 2005 in
1089 1978 1174 2020 qua
1222 1975 1263 2005 et
1297 1964 1502 2022 princeps

84 2035 242 2078 melius
276 2034 433 2079 referat
468 2036 667 2093 supremi
701 2036 885 2077 rectoris
920 2036 1001 2077 Dei
1037 2037 1278 2091 imaginem
1313 2050 1355 2080 et
1388 2038 1505 2081 mul-

83 2237 188 2271 torite
215 2237 428 2273 souveraine
456 2238 526 2273 soit
555 2237 582 2272 la
611 2236 752 2272 multllm
781 2237 863 2272 d'un
891 2248 992 2284 pacto
1022 2235 1137 2274 actuel
1157 2236 1199 2273 de
1224 2246 1306 2274 tous
1338 2249 1427 2275 ceux
1446 2239 1503 2286 qui

85 2306 298 2342 composent
323 2297 355 2332 la
383 2299 534 2333 societe:
562 2311 644 2333 sans
672 2299 755 2344 quoi
784 2298 815 2333 la
842 2299 911 2332 vile
926 2298 1092 2344 populace
1111 2299 1247 2334 devrait
1267 2301 1361 2335 aussi
1390 2310 1508 2335 entrer

85 2356 172 2390 dans
198 2368 237 2391 ce
265 2367 379 2402 pacm,
399 2359 480 2392 d'on
512 2358 562 2392 les
590 2358 656 2392 lois
677 2368 711 2393 et
732 2359 763 2394 le
792 2368 1078 2405 gouvernement
1108 2360 1262 2393 scraient
1280 2361 1406 2394 censes
1424 2361 1508 2396 tirer

85 2417 160 2451 leur
187 2418 352 2453 autorite.
378 2433 394 2449 n

158 2480 208 2522 (Ι)
236 2479 292 2512 Ius
321 2491 391 2513 soc.
422 2491 518 2513 num.
547 2478 602 2524 63,
