1705 2787
681 74 913 117 —31-

76 169 265 226 indigent
296 168 492 210 homines
525 166 733 210 adiutorio
759 179 797 210 et
820 168 1051 211 ministerio
1074 169 1253 213 aliorum
1274 170 1513 216 hominum.

75 242 135 284 Ex
168 240 231 283 his
263 251 403 282 autem
439 237 568 280 tribus
617 239 991 293 coniunctionibus,
1027 240 1250 297 coniugali,
1297 244 1509 298 parentali,

76 311 209 364 herili,
244 310 458 368 consurgit
489 310 624 367 prima
656 311 933 353 communitas
966 310 1202 365 hominum,
1238 328 1340 369 quae
1364 315 1511 371 imper-

73 383 180 427 fecta
202 381 349 426 dicitur
372 393 558 438 respectu
580 381 762 438 politiae:
787 394 847 425 est
870 394 1008 425 autem
1031 384 1072 425 in
1093 400 1134 426 se
1155 383 1309 428 familia
1331 385 1511 442 perfecta

11 483 14 484 ν
74 456 114 498 in
137 454 282 498 ordine
314 452 365 496 ad
398 452 671 496 domesticam
705 468 775 495 seu
808 455 1121 497 oeconomicam
1148 454 1508 512 gubernationem.

72 527 183 569 Haec
215 537 355 568 autem
386 525 675 579 communitas
696 540 783 567 non
814 537 874 567 est
906 523 981 567 sibi
1012 524 1232 579 sufficiens,
1268 539 1306 569 et
1329 527 1422 570 ideo
1446 544 1497 570 ex

70 609 214 641 natura
243 597 302 640 rei
331 596 558 638 necessaria
591 594 759 637 ulterius
792 608 851 638 est
883 597 925 638 in
957 612 1109 653 genere
1152 598 1338 641 humano
1388 613 1501 641 com-

71 670 249 711 munitas
281 667 463 725 politica,
507 682 610 724 quae
653 668 850 710 civitatem
901 667 1046 710 saltem
1093 671 1314 712 constituat
1361 682 1400 712 et
1449 687 1501 713 ex

69 739 251 798 pluribus
283 739 447 782 familiis
480 738 694 781 coalescat.
729 739 840 790 Quia
880 754 912 782 1.
947 740 1058 782 nulla
1091 740 1247 784 familia
1278 754 1415 798 potest
1456 744 1498 785 in

69 828 110 856 se
142 811 293 855 habere
326 812 467 853 omnia
498 811 723 853 ministeria
756 824 794 853 et
828 826 974 854 omnes
1007 824 1111 855 artes
1154 815 1397 857 necessarias
1448 814 1497 858 ad

69 885 198 926 vitam
230 883 471 935 humanam,
504 894 542 924 et
574 882 710 924 multo
743 884 879 925 minus
912 895 1046 939 potest
1079 883 1263 927 sufficere
1307 885 1357 928 ad
1400 901 1502 928 asse·

69 954 275 1012 quendam
309 955 500 997 omnium
532 970 670 997 rerum
705 956 1027 998 necessariarum
1060 957 1362 1012 cognitionem.
1395 957 1502 1000 Item

68 1028 163 1084 quia
197 1039 235 1070 2.
269 1027 302 1068 si
335 1025 521 1082 singulae
565 1025 743 1068 familiae
790 1038 924 1069 essent
972 1028 1077 1069 inter
1125 1044 1165 1069 se
1213 1027 1381 1081 divisae,
1431 1030 1501 1071 vix

66 1110 204 1156 posset
236 1113 316 1155 pax
349 1099 455 1140 inter
476 1097 670 1140 homines
694 1099 942 1150 conservari,
976 1114 1111 1155 neque
1136 1100 1305 1141 iniuriae
1330 1115 1499 1156 possent

67 1169 253 1213 ordinate
285 1169 516 1227 propulsari
548 1181 615 1212 aut
648 1169 859 1213 vindicari.
894 1170 944 1212 Et
977 1170 1071 1214 ideo
1104 1170 1205 1214 dixit
1256 1171 1403 1214 Cicero
1456 1173 1499 1214 in

64 1240 170 1284 libro
203 1241 254 1285 de
287 1242 478 1293 amicitia,
510 1240 613 1283 nihil
644 1242 819 1298 principi
850 1241 943 1283 Deo
976 1243 1019 1284 in
1051 1241 1169 1284 rebus
1192 1243 1382 1285 humanis
1411 1259 1497 1286 esse

64 1314 233 1370 gratius,
266 1328 392 1369 quam
424 1312 616 1355 homines
649 1311 801 1355 habere
834 1313 939 1355 inter
970 1329 1012 1355 se
1045 1314 1287 1356 societatem
1337 1313 1499 1358 ordina-

64 1398 150 1428 tam
182 1396 220 1427 et
251 1383 490 1441 perfectam,
526 1400 630 1442 quae
664 1385 819 1438 civitas,
855 1386 1000 1442 inquit,
1036 1385 1195 1429 dicitur.
1220 1386 1331 1428 Haec
1360 1399 1496 1429 autem

66 1457 342 1499 communitas
373 1455 541 1499 ulterius
573 1456 714 1513 augeri
745 1469 881 1513 potest
915 1457 955 1498 in
988 1472 1158 1514 regnum
1203 1457 1268 1500 vel
1299 1460 1498 1516 principa·

63 1535 147 1569 tum
178 1543 251 1584 per
283 1527 526 1570 societatem
557 1527 741 1584 plurium
763 1529 990 1581 civitatum,
1016 1544 1119 1585 quae
1141 1531 1268 1571 etiam
1291 1542 1350 1572 est
1373 1529 1492 1573 Valde

64 1599 314 1641 conveniens
347 1598 534 1641 humano
567 1600 724 1655 generi,
758 1598 901 1641 saltem
936 1598 986 1642 ad
1020 1599 1166 1641 melius
1199 1616 1298 1653 esse,
1323 1612 1495 1657 propter

63 1668 229 1713 easdem
260 1670 440 1711 rationes
473 1685 569 1712 cum
599 1671 873 1726 proportione
891 1670 1122 1727 applicatas,
1148 1673 1337 1727 quamvis
1360 1687 1495 1714 neces-

62 1742 156 1783 sitas
187 1756 275 1783 non
307 1741 357 1782 sit
391 1741 567 1783 omnino
601 1741 792 1798 aequalis.
820 1759 840 1781 n

151 1812 333 1855 Societas
365 1813 492 1869 igitur
525 1811 751 1856 domestica
784 1825 842 1855 est
886 1814 1067 1856 maxime
1110 1814 1315 1866 naturalis,
1360 1829 1399 1856 et
1441 1831 1491 1857 ex

63 1898 108 1926 ea
145 1883 384 1926 naturaliter
413 1886 598 1941 exsurgit
630 1886 730 1926 unio
769 1884 950 1941 plurium
992 1884 1240 1928 familiarum
1285 1902 1353 1928 seu
1399 1887 1494 1929 civi-

62 1964 135 2008 tas,
168 1967 207 1997 et
230 1956 330 1997 unio
367 1956 492 1998 etiam
523 1955 706 2012 plurium
739 1957 952 1998 civitatum
987 1972 1059 1998 seu
1093 1972 1271 2012 regnum
1298 1956 1363 2000 vel
1385 1958 1493 2013 prin-

63 2026 228 2082 cipatuS.
273 2026 485 2070 Nimirum
529 2042 579 2069 ex
624 2027 802 2069 naturali
834 2040 924 2069 tum
970 2027 1207 2084 indigentia,
1240 2039 1329 2070 tum
1364 2028 1413 2070 ad
1447 2044 1490 2070 se

61 2095 368 2141 defendendum
410 2098 668 2155 impotentia,
712 2110 803 2141 tum
856 2097 1184 2155 perfectibilitate
1228 2098 1400 2155 physica
1444 2114 1490 2142 ac

61 2167 221 2221 morali,
256 2180 346 2210 tum
378 2167 575 2225 loquendi
619 2169 894 2226 audiendique
927 2168 1130 2222 facultate,
1154 2181 1244 2212 tum
1266 2185 1364 2226 erga
1387 2169 1488 2212 alios

59 2240 350 2296 propensione,
384 2241 426 2282 in
458 2239 604 2297 quibus
637 2252 678 2283 et
712 2256 806 2283 cum
838 2241 984 2297 quibus
1025 2240 1232 2294 homines,
1280 2257 1394 2283 secus
1443 2257 1488 2284 ac

61 2308 188 2364 bruta,
222 2324 458 2365 nascuntur,
492 2325 532 2354 et
563 2328 662 2369 quas
694 2312 829 2356 nullus
863 2312 996 2355 homo
1029 2312 1104 2355 sibi
1137 2313 1300 2355 relictus
1322 2313 1487 2369 explere

61 2384 353 2427 convenienter
384 2396 535 2441 potest,
568 2397 704 2441 potest
737 2397 875 2427 autem
907 2385 1069 2441 explere
1102 2386 1143 2427 in
1192 2386 1484 2427 coniunctione

61 2466 155 2495 cum
189 2454 289 2507 aliis,
325 2455 659 2499 concludendum
691 2468 749 2498 est
775 2457 923 2514 primo,
956 2469 1145 2499 naturam
1182 2456 1280 2516 (nisi
1311 2456 1488 2499 velimus
