1705 2787
794 80 1059 114 -210--·

222 177 266 238 b)
302 178 554 236 Loquimur
588 175 827 235 generaliter
867 176 918 222 de
957 177 1164 222 societate
1198 176 1328 235 civili,
1362 191 1453 222 non
1486 188 1635 222 autem

222 252 262 294 in
306 250 554 308 pmlirnlmi
603 250 655 293 de
707 250 785 292 hac
820 250 885 293 vel
922 250 990 293 illa
1039 251 1247 293 societate
1281 250 1394 293 civili
1429 250 1473 293 in
1517 249 1634 293 hisce

221 322 286 365 vel
313 322 394 364 illis
420 320 654 364 adiunctis.
680 322 792 364 Fieri
817 322 935 364 enim
961 333 1120 378 potest,
1144 334 1192 364 ut
1217 333 1395 378 propter
1429 321 1633 365 adiuncta

222 392 518 448 particularia,
554 393 596 434 in
622 391 784 449 quibus
810 393 995 434 societas
1018 392 1162 448 aliqua
1188 393 1406 448 reperitur
1430 390 1490 448 (e.
1511 408 1551 449 g.
1577 393 1635 435 ci-

222 464 331 505 vitas
358 463 398 505 in
425 462 678 505 anarchiam
706 463 922 520 prolapsa,
943 479 1054 519 quae
1074 478 1191 505 nunc
1211 464 1353 519 surgit
1372 463 1533 505 iterum
1557 478 1633 506 seu

222 534 600 592 reconstituitur),
636 536 691 578 ita
719 551 804 578 una
840 534 996 590 forma,
1031 548 1185 591 utpote
1209 533 1394 577 validior
1429 547 1470 577 et
1494 533 1633 577 effica-

221 608 326 658 cior,
363 608 418 649 sit
451 619 549 663 apta
583 607 674 663 paci
711 622 757 648 ac
792 607 1016 648 securitati
1063 604 1360 648 restituendae
1383 618 1424 648 et
1458 621 1633 649 conser-

220 676 401 731 vandae,
436 690 486 720 ut
519 690 687 721 ceterae
716 676 884 720 formae
910 678 952 719 in
988 678 1038 718 iis
1073 676 1291 719 adiunctis
1325 678 1412 719 sint
1446 678 1631 734 ineptae.

221 776 273 780 -
294 749 334 807 e)
369 748 596 792 Debemus
634 750 765 792 etiam
800 748 965 791 formas
1001 749 1229 804 regiminis
1255 761 1450 805 spectare
1475 756 1515 792 ut
1541 757 1634 792 sunt

220 821 260 863 in
296 835 351 875 se,
386 836 455 863 eas
481 822 644 864 scilicet
679 819 907 864 liberando
942 837 963 862 a
987 821 1121 872 vitiis,
1155 836 1266 877 quae
1293 834 1395 862 cum
1421 821 1525 877 ipsis
1559 835 1633 863 ne-

220 893 410 935 cessario
444 908 535 936 non
571 904 909 942 connectantur,
944 907 1147 949 quaeque
1182 903 1330 934 tamen
1364 890 1416 934 ab
1440 890 1634 935 homini·-

221 964 302 1007 bus
337 980 413 1021 per
447 964 638 1008 abusum
673 966 843 1022 possint
869 966 972 1021 ipsis
998 964 1114 1019 affigi
1140 976 1181 1006 et
1206 979 1356 1020 reapse
1380 962 1632 1019 affigantur.

221 1034 355 1087 Quod
390 1051 492 1078 cum
541 1034 822 1087 adnotamus,
871 1036 1098 1092 speciatim
1136 1035 1398 1090 respicimus
1438 1033 1631 1076 formam

219 1106 594 1159 constitutionalem,
647 1122 695 1149 ac
743 1108 935 1149 maxime
978 1107 1287 1149 democraticam
1327 1106 1631 1162 repraesentati—

219 1193 313 1220 vczm
349 1178 436 1236 (1),
471 1178 523 1222 de
557 1178 718 1236 quibus
752 1180 839 1221 iam
875 1178 1007 1235 paulo
1041 1191 1141 1221 ante
1182 1177 1390 1220 diximus.

308 1250 426 1293 Haec
460 1252 495 1293 si
530 1251 585 1294 ob
621 1252 775 1294 oculos
811 1251 1071 1307 habeantur,
1106 1252 1264 1294 veritas
1300 1251 1459 1306 prioris
1494 1263 1630 1307 partis

220 1320 395 1363 theseos
431 1321 565 1364 huius
600 1322 712 1364 clare
737 1320 915 1379 patebit.
941 1321 1007 1364 Ad
1032 1337 1164 1378 quam
1191 1333 1340 1363 tamen
1364 1319 1632 1363 confirman-

219 1392 335 1447 dam,
369 1392 499 1436 verba
534 1393 748 1436 addemus
793 1395 954 1436 Leonis
1003 1394 1121 1435 XIII.
1157 1394 1198 1435 in
1237 1394 1362 1449 epist.
1397 1391 1632 1449 encyclica,

219 1463 448 1506 Immorlale
483 1466 579 1507 Dei:
618 1483 637 1504 α
674 1465 747 1507 Ius
782 1477 931 1507 autem
956 1465 1130 1520 imperii
1156 1479 1230 1520 per
1255 1479 1299 1505 se
1324 1479 1415 1506 non
1439 1475 1503 1506 est
1529 1477 1632 1506 cum

222 1535 305 1577 ulla
343 1536 610 1593 reipublicae
644 1535 783 1579 forma
820 1537 1067 1579 necessario
1092 1537 1374 1592 copulatum:
1401 1535 1531 1578 aliam
1550 1534 1632 1577 sibi

220 1608 286 1650 vel
320 1609 450 1650 aliam
485 1624 712 1652 assumere
747 1620 906 1665 potest,
941 1606 1075 1651 modo
1110 1608 1165 1649 sit
1200 1607 1402 1649 utilitatis
1438 1605 1631 1664 bonique

220 1681 473 1722 communis
509 1696 660 1736 reapse
694 1679 974 1722 efficientem.
1012 1697 1031 1719 ))
1069 1680 1122 1722 Et
1156 1680 1200 1721 in
1233 1677 1315 1720 alia
1350 1678 1491 1734 epist.,
1523 1678 1631 1720 Diu-

218 1761 385 1794 tm'mtm
410 1751 509 1794 illud
532 1753 854 1809 teterrimumque
878 1751 1036 1802 bellum,
1074 1751 1178 1793 haec
1211 1750 1443 1806 leguntur:
1467 1767 1486 1789 «
1507 1748 1632 1793 Nihil

206 1835 298 1878 est,
332 1838 408 1865 cur
444 1838 536 1865 non
570 1823 788 1865 Ecclesiae
823 1820 1035 1879 probetur
1069 1833 1143 1863 aut
1178 1821 1310 1863 unius
1335 1831 1410 1862 aut
1434 1819 1630 1876 plurium

219 1896 509 1952 principatus,
543 1895 579 1936 si
614 1893 749 1937 modo
785 1895 927 1936 iustus
962 1895 1017 1935 sit
1051 1905 1092 1935 et
1126 1894 1168 1935 in
1196 1907 1487 1935 communem
1511 1891 1630 1934 utili-

219 1977 355 2008 tatem
392 1966 604 2007 intentus.
640 1963 965 2018 Quamobrem,
1000 1963 1117 2006 salva
1151 1963 1317 2018 institia,
1351 1978 1442 2004 non
1480 1961 1630 2018 prohi-

221 2036 379 2079 bentur
414 2037 565 2093 populi
601 2036 708 2079 illud
743 2036 825 2079 sibi
859 2051 998 2092 genus
1048 2049 1304 2091 comparare
1349 2032 1628 2089 reipublicae,

220 2107 337 2165 quod
374 2121 446 2150 aut
482 2109 681 2165 ipsorum
717 2109 913 2164 ingeniO,
947 2118 1023 2149 aut
1048 2107 1269 2148 maiorum
1294 2105 1508 2148 institutis
1532 2119 1628 2146 mo-

219 2179 429 2237 ribusque
463 2181 602 2236 magis
637 2192 735 2237 apte
769 2180 1016 2222 conveniat.
1054 2196 1073 2218 ))

287 2446 342 2491 (1')
372 2445 425 2481 (Is.
454 2446 669 2483 Libe-satore,
700 2447 752 2479 ius
780 2458 853 2480 soc.
880 2457 965 2479 num
1005 2454 1059 2489 72.
