1705 2787
798 60 1059 110 ὲ-·186--ι

309 280 345 340 §.
379 281 453 325 IV.
488 282 550 325 De
576 282 782 339 principio
815 280 938 324 veluti
961 280 1138 338 formali
1169 284 1351 340 corporis
1380 282 1550 341 politici.

524 390 560 434 a)
590 389 646 424 De
673 388 835 432 origine
862 388 1026 433 pontici
1052 388 1327 434 principatus.

781 542 932 572 THESIS
952 542 1070 571 LVIII.

216 669 472 726 Principium
504 668 627 711 veluti
649 668 829 726 formale
863 669 1044 726 corporis
1071 669 1226 726 politici
1259 679 1312 713 est
1345 678 1536 728 suprema
1558 684 1632 713 au—

335 741 496 782 ctoritas
531 755 601 782 seii
626 749 815 798 potestas.
859 741 986 784 Citius
1021 742 1221 797 originem
1254 742 1358 800 qnod
1391 743 1539 794 attinet,
1566 755 1632 784 ac-

333 819 468 853 curate
502 811 834 869 distinguendum
868 820 922 854 est
957 813 1057 855 inter
1084 812 1294 870 politicum
1319 815 1546 871 primatum
1569 813 1632 855 in-

333 890 507 939 spectum
540 883 763 926 secundum
797 898 836 925 se
868 883 932 925 vel
964 885 1005 926 in
1038 898 1181 940 genere
1215 892 1327 941 atque
1371 884 1553 926 eumdem
1585 885 1628 926 in

330 961 509 995 concreto
543 968 612 995 seii
646 953 686 995 in
715 952 963 1011 particulari
996 954 1312 997 consideratum.

307 1109 401 1151 157.
436 1096 800 1140 PRAENO—moxsss.
836 1096 958 1150 Quid
983 1109 1047 1140 est
1071 1097 1209 1140 civilis
1234 1109 1427 1154 potestas
1452 1113 1527 1140 seu
1555 1113 1630 1142 au-

213 1168 393 1210 ctoritas
418 1170 433 1211 2
468 1168 545 1210 Est
568 1168 636 1210 ius
671 1167 881 1211 movendi
914 1167 1145 1211 efficaciter
1180 1169 1294 1211 cives
1319 1168 1370 1211 ad
1394 1170 1628 1226 proprium

213 1238 352 1282 civilis
387 1239 608 1282 societatis
645 1239 781 1282 finem
816 1239 1127 1283 obtinendum.
1173 1240 1219 1283 Id
1254 1253 1401 1283 autem
1436 1254 1628 1298 praestat

211 1309 521 1367 praecipiendo
569 1323 707 1353 certas
742 1312 953 1367 actiones,
988 1311 1177 1355 vetando
1227 1312 1345 1367 alias,
1396 1312 1498 1354 alias
1532 1328 1629 1370 per-

209 1379 446 1436 mittendo,
480 1379 717 1424 iudicando
752 1380 803 1424 de
838 1381 1087 1425 actionibus
1112 1383 1291 1438 civium,
1316 1381 1544 1439 puniendo
1567 1383 1626 1426 le-

208 1466 316 1508 gum
350 1451 603 1508 violatore&
652 1451 1004 1510 eorumdemque
1040 1453 1245 1496 custodes
1280 1454 1488 1510 praemiis
1537 1454 1626 1498 affi-

211 1522 474 1581 ciend0(1).
1194 1518 1196 1520 ’

298 1594 472 1651 Duplex
505 1606 654 1637 autem
688 1594 978 1652 distinguitur
1028 1596 1166 1639 civilis
1204 1609 1412 1654 potestas:
1448 1597 1530 1640 alia
1562 1612 1627 1641 su-

203 1674 349 1724 prema
383 1678 424 1708 et
458 1666 744 1724 independens,
780 1668 861 1710 alia
894 1667 1162 1711 subordiiicita
1195 1680 1236 1711 et
1269 1669 1509 1726 dependens.
1543 1670 1620 1712 Di-

211 1739 390 1781 stinctio
425 1738 529 1781 haec
565 1752 630 1781 est
665 1739 853 1783 breviter
873 1738 1143 1782 declaranda.

281 1924 326 1964 (1)
354 1924 447 1968 Apte
486 1923 540 1958 De
575 1925 686 1970 Lugo,
726 1926 769 1959 de
808 1927 887 1960 iust.
916 1934 949 1959 et
980 1925 1054 1959 iure
1082 1925 1170 1970 disp.
1198 1924 1238 1958 II.
1268 1933 1352 1959 sect.
1385 1935 1412 1958 1.
1440 1937 1536 1960 num.
1569 1934 1622 1960 1.:

213 1994 228 2011 α
255 1982 465 2015 Dominium
494 1992 547 2017 cst
573 1984 712 2029 duplex,
740 1985 875 2019 scilicet
903 1984 1150 2018 iurisdictionis
1177 1993 1210 2017 et
1234 1984 1466 2029 proprietatis.
1495 1985 1623 2018 Domi-

210 2042 308 2074 nium
335 2042 588 2077 iurisdictionis
617 2054 669 2079 est
696 2053 856 2088 potestas
885 2043 1105 2089 gubernandi
1134 2043 1304 2085 subditos,
1331 2043 1399 2077 hoc
1428 2053 1492 2085 est,
1518 2055 1623 2089 prae-

211 2099 374 2143 cipiendi,
401 2101 555 2143 vetandi,
594 2103 834 2146 permittendi,
860 2102 1049 2144 iudicandi,
1089 2101 1268 2146 puniendi,
1307 2102 1527 2146 praemiandi
1556 2111 1621 2137 etc.

209 2158 306 2192 Haec
335 2169 455 2193 autem
482 2159 630 2194 facultas
650 2162 761 2195 oritur
781 2172 888 2206 saepe
908 2172 950 2194 ex
968 2161 1128 2194 dominio
1156 2160 1382 2205 proprietatis
1402 2160 1458 2194 vel
1480 2172 1522 2194 ex
1541 2172 1624 2195 con·

208 2229 314 2253 sensu
342 2219 565 2254 subditorum
592 2221 881 2255 transferentium
908 2221 1005 2255 illam
1032 2220 1238 2255 facultatem
1265 2221 1299 2253 in
1327 2220 1482 2266 aliquem
1509 2233 1616 2267 supe-

207 2278 349 2311 riorem.
376 2278 588 2312 Dominium
615 2280 841 2324 proprietatis
880 2288 934 2314 est
964 2280 1154 2324 praecipua
1182 2288 1216 2314 et
1254 2279 1440 2323 potissima
1480 2280 1619 2322 species

207 2338 290 2371 iuris
318 2338 352 2371 in
381 2349 417 2372 re
446 2335 512 2372 etc.
538 2353 553 2371 υ
583 2358 625 2364 -
648 2339 702 2373 Cf.
730 2351 845 2384 super.
872 2339 944 2373 vol.
971 2340 1014 2373 ΙΙ.
1041 2351 1122 2385 pag.
1151 2350 1205 2384 33.
1231 2339 1323 2373 Vide
1351 2340 1459 2373 etiam
1485 2340 1555 2374 vol.
1591 2351 1618 2375 1.

202 2397 298 2432 thes.
326 2398 438 2432 XXX.
465 2398 600 2433 schoL:
627 2410 697 2444 quo
723 2400 758 2433 in
785 2399 923 2434 scholio
950 2400 1101 2434 diximus
1128 2400 1172 2433 de
1191 2400 1322 2434 actibus
1340 2398 1440 2444 legis,
1461 2401 1518 2446 qui
1538 2409 1619 2437 sunt

206 2457 395 2502 praecipue
423 2458 483 2491 isti
505 2466 669 2502 quatuor,
691 2459 876 2504 imperare,
896 2459 1086 2504 prohibere,
1109 2460 1317 2505 perrriittcre,
1340 2460 1487 2505 punire.-
1540 2456 1544 2460 ’
