1705 2787
673 76 932 107 2-222—-2

821 96 840 121 >

185 168 217 213 Ι.
243 169 359 214 PARS
378 184 522 214 PRIOR.
548 171 798 228 Exponitur
824 171 995 213 theoria
1019 185 1042 213 a
1064 169 1287 228 plerisque
1310 181 1515 213 veterum

95 241 301 298 admissa,
333 241 387 284 ad
420 243 642 298 originem
677 243 847 299 politici
882 243 1157 300 principatus
1192 241 1510 299 explicandam:

92 328 189 355 eam
221 312 302 355 hac
333 313 380 354 in
405 312 519 354 thesi
543 315 839 371 proponimus
863 314 1062 367 historice,
1083 314 1165 355 alia
1189 328 1295 356 vero
1328 314 1374 355 in
1399 314 1514 357 thesi

91 385 285 428 examini
317 383 620 427 subiiciemus.

214 454 290 513 LO)
325 455 510 498 Veteres
546 448 800 498 admittunt
825 455 1059 499 hominem
1096 471 1189 499 esse
1244 468 1402 500 natura
1434 471 1513 499 sua

91 528 302 572 socialem
336 527 423 587 (1).

210 600 292 658 2.⁰)
326 598 526 655 Addunt,
561 598 675 641 hanc
710 600 962 642 naturalem
1012 599 1210 643 hominis
1246 598 1511 643 sociabilita-

89 684 196 728 tem,
230 673 327 729 ipso
362 670 553 713 naturali
589 669 745 713 ordine
770 672 831 713 sic
867 673 1084 728 exigente,
1129 673 1311 728 actuari,
1366 672 1512 729 primo

89 743 289 801 quidem,
327 742 402 785 sed
436 741 708 799 incomplete
743 742 789 784 in
822 741 1005 798 familia,
1040 741 1142 785 dein
1176 757 1296 798 vero,
1323 754 1365 784 et
1389 758 1509 784 com-

87 815 202 872 plete
235 815 281 857 in
314 813 430 856 civili
465 813 710 868 consortio,
744 814 871 870 quasi
906 814 950 856 in
998 812 1165 855 familia
1218 813 1508 870 familiarum,

87 887 147 927 ita
181 897 229 927 ut
263 897 451 942 utraque
484 884 687 939 societas,
738 884 984 926 domestica
1018 896 1060 926 et
1094 884 1250 936 civilis,
1288 886 1377 927 sint
1409 900 1511 927 vere

88 968 130 999 et
163 957 341 1014 proprie
376 957 608 998 societates
642 956 927 1014 naturaleQa
951 957 1046 998 Deo
1082 956 1242 998 volitae
1267 968 1308 998 et
1331 957 1511 999 institu—

88 1039 171 1084 tae,
207 1041 312 1069 cum
347 1025 450 1082 fine,
484 1027 764 1081 auctoritate,
800 1025 955 1068 officiis
991 1038 1033 1067 et
1068 1025 1241 1068 iuribus
1266 1042 1286 1067 a
1323 1026 1512 1069 naturali

86 1099 181 1156 lage
214 1097 526 1156 praestabilitis
555 1098 642 1156 (2).

207 1172 288 1230 3.⁰)
324 1171 623 1227 Distinguunt
657 1182 808 1212 autem
832 1182 1035 1213 accurate
1060 1171 1173 1212 inter
1194 1171 1510 1213 auctoritatem

86 1243 261 1286 civilem
286 1244 328 1285 in
352 1257 392 1284 se
425 1253 684 1299 spectatam,
719 1254 761 1284 et
795 1243 1106 1284 auctoritatem
1133 1243 1174 1283 in
1199 1251 1378 1284 concreto
1404 1258 1509 1285 con-

87 1315 324 1359 sideratam
358 1313 446 1373 (3).

206 1385 287 1445 4.⁰)
321 1386 506 1428 Veteres
561 1384 784 1428 affirmant
833 1384 1138 1428 indubitanter
1193 1386 1508 1428 auctoritatem

87 1470 346 1515 supremam
379 1457 421 1499 in
456 1470 496 1499 se
530 1468 786 1513 spectatam,
812 1472 906 1498 esse
931 1456 1187 1499 immediate
1211 1472 1231 1498 a
1263 1458 1374 1513 Deo,
1400 1469 1511 1498 tam-

87 1542 223 1587 quam
250 1539 433 1570 naturae
467 1539 648 1570 auctore
673 1526 760 1586 (4).

157 1714 213 1759 (1)
241 1713 296 1748 Cf.
324 1713 435 1748 thesis
463 1714 604 1757 XXIX„
634 1715 690 1748 ubi
719 1714 798 1748 loca
827 1714 1009 1748 attulimus
1039 1727 1080 1748 ex
1101 1726 1127 1747 s.
1148 1712 1510 1756 'l'lio1na,deregini.

88 1773 204 1809 Princ.
232 1773 254 1807 l.
285 1785 313 1808 1.
342 1786 370 1808 c.
403 1785 443 1816 1.,
472 1784 506 1808 et
535 1774 641 1808 Card.
668 1774 899 1815 Bellarnnno,
929 1775 970 1807 de
1002 1774 1113 1807 Laicis
1143 1785 1170 1807 c.
1199 1773 1243 1805 Y.
1275 1791 1316 1796 —
1339 1772 1386 1805 Ut
1415 1771 1509 1805 aliud

76 1832 541 1880 'addamus-testimonium,
562 1845 576 1862 ι(
593 1833 859 1866 observandum
877 1842 940 1875 est,
962 1833 1074 1877 inquit
1097 1831 1239 1865 Billuart
1259 1840 1357 1864 tract.
1378 1831 1420 1863 de
1440 1830 1507 1874 leg.

87 1894 108 1929 1.
136 1905 184 1938 4.,
211 1894 399 1928 hominem
426 1894 517 1927 inter
545 1893 712 1927 animalia
740 1894 835 1926 nasci
854 1894 1008 1926 maxime
1030 1892 1241 1925 destitutum
1259 1890 1416 1935 pluribus
1435 1899 1512 1924 tum

88 1955 239 2001 corpori,
268 1966 349 1989 cum
378 1955 518 1988 animae
548 1954 771 1996 necessariis,
807 1965 870 1997 pro
899 1954 1023 1997 quibus
1071 1952 1207 1997 indiget
1246 1951 1396 1984 aliorum
1423 1962 1512 1984 con-

87 2017 199 2051 sortio
228 2022 261 2049 et
289 2015 480 2057 adiutorio,
508 2023 774 2059 eonsequenter
812 2025 892 2047 euni
924 2014 1061 2058 ipsapte
1102 2020 1227 2046 natura
1254 2011 1351 2045 nasci
1380 2009 1512 2044 animal

88 2075 234 2111 sociale.
253 2089 269 2107 n

159 2135 216 2180 (2)
245 2133 300 2169 Cf.
318 2133 439 2169 theses
460 2134 544 2175 XL„
566 2133 622 2167 ubi
641 2133 761 2167 locuni
781 2132 990 2166 adduximus
1011 2144 1052 2164 ex
1072 2131 1253 2172 Suaresio,
1270 2130 1312 2162 de
1328 2129 1397 2174 leg.
1415 2128 1510 2163 1.111.

88 2207 116 2230 c.
148 2207 177 2230 Ι.
203 2206 300 2229 num.
330 2205 370 2240 3.,
392 2203 426 2228 et
446 2194 537 2228 hanc
567 2193 837 2227 conclusionem
855 2193 1066 2225 deduximus
1088 2203 1167 2224 cuni
1188 2202 1213 2223 s.
1231 2190 1387 2233 Thomu,
1408 2189 1426 2221 l.
1450 2189 1508 2223 IV.

88 2256 227 2291 Politic.
255 2255 399 2291 lect.1.:
430 2255 570 2301 «igitur
596 2255 708 2287 hoino
737 2262 789 2287 est
811 2253 1018 2287 naturaliter
1037 2251 1168 2286 animal
1196 2251 1435 2285 domesticum
1464 2251 1510 2284 eti

93 2315 206 2351 civile.
229 2330 246 2348 υ

161 2375 218 2421 (3)
247 2374 302 2410 Cf.
330 2375 441 2409 thesis
470 2374 608 2417 LVIII„
629 2374 684 2407 ubi
707 2373 827 2407 locum
849 2373 1059 2407 adduximus
1080 2384 1123 2406 ex
1143 2371 1311 2405 Suaresio
1332 2369 1402 2403 dei.
1437 2369 1507 2404 side

90 2436 113 2474 1.
136 2438 198 2472 ΙΙΙ.
226 2448 254 2471 c.
284 2445 322 2470 2..
343 2447 378 2471 n.
404 2445 437 2478 4.

155 2498 211 2543 (ι)
240 2496 295 2531 Cs.
322 2495 432 2530 thesis
461 2494 561 2530 LIX..
590 2494 647 2528 ubi
684 2493 762 2527 loca
790 2492 888 2538 plura
929 2492 1109 2528 attulimus
1151 2505 1192 2525 ex
1220 2490 1436 2525 Bellarmino
1465 2499 1499 2525 et
