1705 2787
778 101 829 106 .-..
872 88 1038 129 130..-

198 181 343 226 viduis
381 180 635 224 immediate
671 180 888 222 coalescit.
923 180 1122 236 Utraque
1156 180 1341 222 societas
1362 179 1491 224 habet
1515 195 1616 238 pro-

198 256 336 312 priam
375 253 685 296 auctoritatem
721 251 1035 308 propriamque
1069 251 1305 294 actionem:
1341 250 1504 294 familia
1554 263 1616 294 ta—

200 342 318 377 men,
354 336 508 381 utpote
542 322 812 380 imperfecta,
847 334 912 364 est
937 320 1224 365 subordinata
1249 323 1413 366 civitati
1432 324 1616 381 eiusque

199 396 503 453 gubernatori,
539 410 560 436 a
594 410 683 451 quo
719 392 848 436 debet
883 394 927 436 in
964 392 1132 436 bonum
1167 409 1407 436 commune
1441 393 1586 451 dirigi.

297 468 474 511 Obiectio
511 468 569 521 3·³
604 466 647 507 Si
684 480 750 507 res
787 466 844 507 ita
893 480 938 506 se
988 463 1183 521 haberet,
1227 477 1431 522 parentes
1465 464 1612 508 forent

199 539 386 594 exleges:
438 536 480 579 id
533 548 697 590 autem,
732 537 993 593 praesertim
1037 536 1081 578 in
1126 551 1171 578 re
1222 537 1333 578 tanti
1376 537 1612 593 momenti,

196 610 335 668 qualis
370 621 435 651 est
470 607 668 650 filiorum
702 608 942 661 institutiO,
978 608 1132 665 nequit
1166 606 1354 650 admitti.

286 680 523 737 Responsio.
557 680 766 722 Parentes
803 678 925 721 nullo
945 694 1126 735 prorsus
1152 690 1279 735 pacto
1299 690 1404 721 sunt
1428 678 1614 735 exleges:

196 751 495 794 subiiciuntur
530 750 651 791 enim
686 749 770 805 legi
806 748 978 792 divinae
1012 748 1216 804 naturali,
1242 763 1352 806 quae
1386 749 1616 792 verissima

195 834 260 864 est
288 822 367 877 lex,
403 832 444 862 et
469 821 594 863 cuius
619 818 867 862 custodiam
894 820 1097 876 princeps
1117 819 1256 861 civilis
1290 834 1447 875 urgere
1472 817 1614 862 debet.

198 895 353 950 Neque
388 893 507 934 enim
532 907 762 948 negamus,
782 907 911 948 posse
932 892 1178 948 principem
1208 890 1383 933 civilem
1417 889 1614 933 animad-

195 976 364 1007 vertere
400 964 445 1005 in
480 974 698 1019 parentes,
733 963 808 1019 qui
843 974 991 1019 aperte
1016 973 1057 1004 et
1081 961 1272 1018 graviter
1297 960 1496 1003 naturale
1521 976 1611 1018 quo

194 1048 404 1079 tenentur
440 1034 638 1078 officium
672 1034 869 1077 violent:
911 1033 1209 1090 eumdemque
1248 1048 1377 1090 posse
1416 1032 1615 1075 filiorum

198 1109 472 1152 institutioni
496 1107 729 1150 consulere
753 1105 930 1164 quando
965 1118 1166 1163 parentes
1193 1117 1267 1147 aut
1290 1117 1513 1162 nequeant
1537 1116 1611 1147 aut

195 1179 338 1222 nolint
373 1177 566 1221 debitam
601 1176 652 1219 de
687 1176 787 1219 filiis
822 1191 973 1219 curam
1009 1174 1182 1218 habere.
1239 1176 1335 1217 Hoc
1371 1175 1491 1217 enim
1527 1186 1608 1230 est,

195 1267 286 1293 non
321 1248 502 1308 quidem
536 1250 604 1291 ius
639 1260 874 1306 parentum
899 1247 1062 1290 directe
1081 1258 1122 1289 et
1145 1245 1346 1288 absolute
1381 1261 1609 1302 usurpare,

195 1321 270 1364 sed
305 1337 436 1378 grave
471 1336 584 1363 onus
610 1318 823 1362 educandi
848 1318 963 1361 filios
988 1319 1032 1360 in
1058 1316 1310 1375 particulari
1334 1316 1483 1374 aliquo
1509 1331 1610 1358 casu

195 1391 408 1434 indirecte
443 1402 484 1432 et
519 1389 804 1447 hypothetice
839 1403 1078 1443 assumere,
1132 1398 1368 1444 parentum
1423 1384 1612 1429 defectui

193 1461 456 1520 supplendo.

784 1688 933 1717 THLSIS
971 1688 1009 1716 L.

197 1817 378 1868 Ilm-ihus,
415 1832 514 1874 qnae
540 1816 779 1874 parentibus
815 1817 966 1872 insunt,
999 1815 1306 1872 gravissimam
1321 1813 1424 1872 filiis
1447 1820 1613 1870 respon-

312 1889 401 1931 dent
436 1888 578 1945 officia,
615 1887 699 1930 alia
731 1887 887 1944 quidem
923 1886 1184 1942 temporaria,
1221 1883 1305 1927 alia
1336 1899 1432 1926 vero
1469 1891 1612 1940 perpe-

314 1967 397 2009 tna,
434 1957 675 2014 hypothetica
708 1957 806 2008 alia,
844 1955 927 1998 alia
959 1954 1155 1997 absoluta:
1191 1961 1433 1996 revocantur
1477 1960 1609 1995 antem

310 2029 363 2071 ad
397 2043 591 2080 amorem,
629 2029 911 2078 reverentiam,
948 2025 1191 2080 subsidium,
1216 2023 1492 2066 obedientiam.

288 2184 381 2225 139.
417 2171 791 2213 DEMONSTRATIO.
826 2169 856 2210 Ι.
892 2167 951 2210 Ut
985 2166 1037 2209 ab
1072 2165 1226 2208 officiis
1254 2165 1458 2223 perpetuis
1481 2178 1607 2206 exor-

197 2240 385 2296 diamur,
410 2240 489 2283 filii
522 2253 736 2297 perpetuo
756 2250 965 2282 tenentur
983 2237 1034 2281 ad
1058 2252 1272 2292 amorem,
1296 2236 1605 2290 reverentiam,

196 2323 462 2368 gratumque
496 2312 697 2352 animum
732 2308 986 2367 parentibus
1022 2306 1335 2362 exhibendum,
1360 2318 1402 2348 et
1416 2307 1451 2348 si
1470 2320 1608 2363 quan-

195 2381 250 2424 do
286 2382 329 2424 hi
364 2383 407 2424 in
442 2381 685 2438 indigentia
719 2393 966 2437 versentur,
1000 2379 1051 2424 ad
1070 2378 1319 2422 subsidium
1338 2393 1385 2420 ac
1410 2377 1608 2420 solamen

195 2453 246 2496 iis
282 2452 569 2497 afferendum.
