1705 2787
781 101 833 106 —
871 88 924 117 20
961 100 1013 104 —·

186 197 333 228 stetur:
367 184 551 235 demum,
584 194 726 225 natura
759 181 849 223 sinis
881 194 940 224 est
973 180 1189 233 eiusmodi,
1224 192 1266 222 ut
1298 195 1415 237 saepe
1442 179 1609 224 difficile

184 258 233 298 sit
266 258 435 310 cognitu
469 257 637 312 quinam
670 253 816 309 agendi
852 253 1001 296 modus
1033 252 1083 296 ad
1117 251 1243 294 finem
1265 251 1605 308 consequendum

184 329 234 370 sit
266 326 500 378 serrandus,
535 328 587 368 ita
619 338 660 367 ut
694 340 844 380 magna
876 325 1123 380 perspicacia
1165 335 1205 365 et
1254 324 1505 379 experientia
1552 337 1609 365 re-

185 400 366 455 quiratur
398 397 447 440 ad
490 394 819 451 dignoscendum
866 394 961 451 quid
1006 408 1081 450 pro
1127 392 1219 436 sinis
1261 394 1516 436 assecutione
1559 393 1608 435 sit

186 468 393 525 agendum
426 467 650 525 (1).Haec
684 466 760 507 tria
792 466 822 506 si
857 464 1172 521 perpendantur,
1216 463 1427 521 apparebit
1469 479 1609 506 neces-

185 540 332 582 sariam
364 554 450 580 esse
484 539 523 579 in
556 536 734 578 humana
766 536 959 577 societate
992 536 1294 588 auctoritatem,
1338 551 1408 577 seu
1452 536 1608 592 princi-

187 612 300 666 pium
333 608 622 659 determinans,
642 606 739 663 quid
772 622 793 648 a
826 607 948 647 sociis
979 606 1030 647 sit
1062 605 1287 661 agendum,
1322 617 1361 647 et
1394 607 1447 648 ita
1480 605 1610 649 deter—

188 682 360 731 minans,
395 692 437 721 ut
470 694 613 721 omnes
637 676 848 719 moraliter
872 676 1041 734 obliget,
1076 678 1218 733 pigros
1240 688 1396 733 urgeat,
1422 677 1609 724 nolentes

186 764 321 807 cogat,
355 764 675 806 transgressores
708 750 862 805 puniat,
899 750 1033 791 bonos
1065 760 1312 791 remuneret.

275 823 477 864 Probatur
512 820 571 878 3.)
603 837 624 862 a
672 821 770 876 pari.
817 819 1192 872 Quemadmodum
1234 821 1334 862 socii
1377 820 1607 876 comparari

187 906 276 950 apte
308 904 479 949 possunt
513 907 608 934 cum
640 891 839 934 distinctis
872 891 1041 933 humani
1074 892 1260 947 corporis
1293 889 1514 944 membris3
1556 891 1609 932 ita

188 964 277 1006 linis
309 964 512 1005 societatis
545 963 774 1018 comparari
807 974 941 1018 potest
975 977 1070 1003 cum
1104 960 1387 1003 incolumitate
1436 961 1607 1003 hnmani

187 1035 420 1090 compositi,
455 1035 565 1075 cuius
597 1034 727 1089 gratia
759 1032 947 1075 membra
978 1034 1169 1085 existunt,
1203 1045 1323 1088 atque
1358 1033 1462 1074 mira
1504 1031 1609 1074 adeo

188 1106 487 1161 proprietatum
518 1116 557 1146 et
590 1103 850 1146 functionum
882 1104 1075 1145 varietate
1124 1102 1447 1158 distinguuntur.
1481 1102 1608 1158 Atqui

187 1188 324 1218 actum
355 1188 458 1218 esset
491 1174 541 1218 de
574 1174 856 1217 nicolumitate
890 1174 1059 1217 humani
1083 1175 1318 1230 compositi,
1343 1175 1421 1216 nisi
1443 1173 1609 1230 singula

188 1246 373 1289 membra
406 1246 568 1289 cuidam
590 1248 792 1303 principio
815 1245 1037 1299 subessent,
1062 1262 1146 1303 quo
1170 1248 1356 1303 ipsorum
1377 1245 1609 1288 functiones

189 1330 439 1375 regerentur,
475 1318 773 1371 ordinarentur,
807 1330 927 1375 atque
960 1313 1009 1361 ad
1042 1319 1329 1374 praestitutum
1352 1332 1525 1373 scopum
1548 1316 1610 1360 di-

188 1391 417 1445 rigerentur
449 1389 530 1447 (2).
562 1390 674 1446 Ergo
708 1389 757 1432 ad
799 1391 1039 1432 societatem
1073 1388 1318 1432 servandam
1356 1388 1610 1430 incolumem

188 1473 365 1517 potestas
407 1462 625 1517 requiritur
671 1459 845 1513 socialis,
895 1476 998 1517 quae
1047 1459 1222 1517 proinde
1268 1461 1420 1501 merito
1464 1459 1609 1502 dicitur

187 1547 274 1574 esse
306 1531 417 1574 velut
449 1533 586 1574 anima
617 1548 686 1574 seu
718 1531 852 1574 forma
881 1533 1100 1574 societatis.

276 1603 428 1660 Itaque,
462 1616 504 1645 ut
536 1619 631 1645 cum
663 1620 694 1645 s,
728 1603 901 1646 Thoma
931 1602 1001 1662 (3)
1043 1602 1352 1655 concludamus,
1390 1619 1409 1642 (<
1445 1617 1607 1644 necesse

188 1687 248 1717 est
282 1675 321 1716 in
355 1674 592 1717 hominibus
624 1691 708 1717 esse
742 1690 814 1731 per
846 1674 958 1731 quod
990 1674 1213 1717 multitudo
1251 1686 1428 1730 regatur.
1467 1672 1610 1715 Multis

190 1747 301 1788 enim
333 1746 598 1788 existentibus
645 1745 897 1798 hominibus,
930 1758 971 1788 et
1013 1760 1268 1802 unoquoque
1302 1744 1342 1788 id
1390 1743 1501 1801 quod
1551 1755 1611 1786 est

188 1816 261 1859 sibi
294 1832 527 1872 congruum
560 1817 817 1873 providente,
852 1816 1076 1859 multitudo
1108 1818 1149 1858 in
1196 1815 1354 1859 diversa
1402 1815 1610 1871 disperge-

191 1902 311 1941 retur,
343 1890 419 1931 nisi
449 1890 573 1931 etiam
605 1900 709 1931 esset
742 1888 886 1945 aliquis
919 1888 968 1932 de
1001 1904 1064 1941 ρο,
1099 1888 1212 1944 quod
1245 1887 1293 1930 ad
1317 1886 1474 1929 bonum
1497 1884 1609 1927 mul—

189 1960 371 2002 titudinis
404 1961 590 2016 pertinet,
624 1975 763 2001 curam
797 1958 971 2013 habens3
1009 1961 1110 2001 sicut
1133 1971 1172 2001 et
1195 1973 1343 2014 corpus
1368 1957 1549 1999 hominis
1572 1969 1609 1998 et

191 2029 401 2072 cuiuslibet
425 2030 610 2072 animalis
633 2029 841 2082 deflueret,
861 2031 937 2072 nisi
956 2042 1059 2072 esset
1077 2029 1211 2086 aliqua
1229 2030 1289 2071 vis
1308 2029 1482 2085 regitiva
1499 2041 1610 2069 com-

193 2101 325 2141 munis
358 2101 397 2141 in
430 2115 617 2156 corpore,
641 2116 743 2156 quae
767 2100 816 2143 ad
841 2100 997 2143 bonum
1020 2115 1243 2142 commune
1267 2100 1458 2141 omnium
1482 2113 1612 2140 mem—

191 2169 361 2212 brorum
400 2170 637 2213 intenderet.
677 2171 807 2222 Quod
841 2170 1102 2214 considerans
1145 2170 1346 2213 Salomon
1392 2168 1488 2212 dicit
1529 2167 1611 2227 (4),

260 2283 315 2323 (r)
343 2281 396 2315 CC.
425 2281 612 2326 Taparelli‚
640 2282 763 2328 Sttggio
792 2295 862 2316 ecc.
890 2283 1025 2317 dissert.
1054 2283 1096 2316 II.
1125 2294 1198 2327 cap.
1232 2292 1258 2322 ς.
1288 2293 1320 2314 n.
1349 2290 1428 2323 424.

262 2344 318 2385 (2)
346 2341 399 2375 Cf.
429 2342 613 2382 Schrader,
639 2351 834 2375 comment.
864 2343 920 2376 cit.
949 2354 982 2376 n.
1015 2353 1065 2386 32.

261 2400 317 2445 (3)
344 2402 398 2434 De
426 2401 551 2445 regim.
578 2401 685 2445 princ.
716 2400 735 2433 l.
769 2412 795 2434 1.
824 2413 851 2434 c.
886 2414 912 2436 1.

263 2460 320 2503 (4)
347 2460 451 2493 Prov.
481 2461 542 2494 XI.
576 2470 626 2501 14.
