1705 2787
646 80 906 135 —285—

74 192 195 233 iuxta
230 189 389 246 legem,
422 200 464 231 et
498 201 648 231 tamen
682 187 848 231 facturn
882 187 992 230 illud
1016 187 1210 230 defendit
1243 188 1334 243 ipse
1360 184 1489 228 Chri-

75 275 168 305 stus
194 262 417 305 Dominus
442 260 528 318 (1).
554 260 772 303 Probatur
797 260 986 316 secundo,
1007 260 1106 317 quia
1132 259 1230 302 talis
1254 258 1490 301 necessitas

77 331 288 388 ostendit,
308 347 399 374 non
424 331 560 374 fuisse
588 333 631 373 in
667 331 918 388 legislatore
952 331 1232 374 voluntatem
1267 327 1493 385 obligandi

76 407 122 449 in
155 405 229 448 tali
264 416 442 459 eventu⁷
475 404 544 446 vel
577 405 709 446 etiam
745 420 833 446 non
868 403 1003 447 fuisse
1056 416 1352 460 potestatem:
1389 417 1493 459 qua-

77 491 272 534 cumque
305 488 455 518 autem
488 475 666 517 illarum
690 475 938 531 deficiente,
958 487 1097 517 cessat
1122 473 1335 530 obligatio
1369 473 1492 530 legis:

79 561 198 604 ergo.
235 545 447 602 Obligare
481 544 532 587 ad
566 560 900 602 quemcumque
934 558 1084 588 actum
1133 544 1369 601 praecepti,
1404 558 1493 585 non

79 619 282 663 obstante
316 632 598 675 quacumque
633 616 890 659 accidentali
924 617 1185 659 necessitate
1219 617 1496 672 insurgente,

80 703 194 734 esset
237 705 371 747 supra
414 699 682 746 potestatem
726 687 990 745 legislatoris
1026 688 1229 739 humani,
1268 688 1370 745 quia
1400 686 1496 729 talis

79 762 292 819 obligatio
327 761 628 803 communiter
663 776 754 803 non
789 772 853 802 est
888 760 1132 802 necessaria
1168 758 1219 801 ad
1255 772 1498 801 commune

81 833 251 876 bonum
286 829 567 888 reipublicae,
592 842 641 873 ut
674 832 718 873 in
745 831 978 873 communi
1003 828 1313 872 observatione
1339 828 1496 871 talium

82 904 232 961 legum
267 903 500 959 contingit:
536 914 577 944 et
612 903 817 959 quamvis
852 900 1091 959 aliquando
1126 916 1216 943 non
1252 901 1307 942 sit
1352 911 1500 956 aperte

83 978 248 1020 iniusta
282 974 495 1031 obligatio
544 975 613 1017 vel
664 989 795 1031 supra
840 985 1121 1031 potestatem,
1170 973 1205 1014 si
1259 973 1314 1014 sit
1368 971 1500 1013 nimis

83 1047 226 1103 gravis
261 1057 303 1088 et
336 1043 461 1100 dura,
497 1056 703 1087 censetur
737 1059 830 1086 esse
866 1056 1036 1100 praeter
1062 1043 1339 1085 voluntatem
1374 1041 1503 1096 legis-

85 1119 251 1161 latoris,
287 1143 340 1148 —
367 1115 504 1169 Quod
538 1127 688 1159 autem
724 1117 913 1172 pertinet
948 1114 999 1157 ad
1034 1115 1217 1157 alteram
1264 1125 1451 1170 partem,
1477 1112 1503 1154 i.

84 1206 119 1231 e.
147 1197 222 1246 per
255 1187 442 1231 accidens
476 1186 572 1230 fieri
607 1202 751 1244 posse7
788 1199 833 1229 ut
868 1187 1002 1228 etiam
1037 1187 1081 1227 in
1136 1200 1187 1226 eo
1242 1199 1343 1226 casu
1395 1181 1505 1224 obli—

83 1271 212 1316 getur
247 1257 385 1301 homo
419 1257 472 1301 ad
506 1256 766 1300 servandam
802 1257 960 1313 legem,
997 1256 1252 1298 communis
1286 1253 1505 1296 sententia

88 1343 167 1385 est3
202 1331 391 1388 talisque
426 1330 663 1372 necessitas
699 1342 919 1383 censetur,
957 1326 1135 1385 quando
1183 1326 1364 1368 violatio
1399 1324 1509 1380 legis

87 1415 266 1460 propter
301 1401 434 1444 talem
464 1414 637 1444 metum
673 1400 845 1443 cederet
880 1401 925 1442 in
960 1410 1273 1454 contemptum
1298 1396 1364 1439 vel
1389 1396 1502 1438 iniu-

90 1475 203 1517 riam
236 1472 464 1529 religionis
499 1484 574 1514 aut
608 1487 739 1528 grave
774 1469 1033 1513 scandalum
1060 1468 1341 1525 pusillorum.
1377 1466 1507 1508 Tunc

92 1545 211 1587 enim
248 1541 417 1586 bonum
462 1557 703 1585 commune
754 1541 982 1594 religionis
1028 1536 1367 1596 praeferendum
1417 1549 1508 1578 est:

94 1616 202 1658 item
237 1615 338 1672 quia
372 1626 477 1657 tunc
512 1612 760 1670 transgredi
796 1623 1083 1669 praeceptum
1122 1610 1372 1652 humanum
1397 1619 1511 1649 esset

93 1687 159 1729 vel
194 1685 380 1729 deficere
414 1687 460 1728 in
494 1685 596 1728 fidei
641 1684 920 1727 confessione
977 1695 1178 1739 ternpore
1231 1679 1395 1735 debito,
1445 1677 1513 1721 vel

95 1758 322 1814 cooperari
357 1755 408 1800 ad
442 1756 609 1814 aliquid
644 1756 882 1798 intrinsece
918 1754 1100 1796 malum.

185 1828 454 1884 Sequeretur
489 1827 690 1884 quaestio
715 1825 765 1867 de
790 1825 1004 1866 uisitatione
1028 1824 1134 1878 legis
1160 1822 1312 1863 civilis.
1344 1821 1514 1863 Verum

97 1914 208 1956 quae
242 1898 294 1941 de
329 1898 408 1940 hac
443 1899 702 1955 quaestione
737 1894 919 1938 dicenda
956 1906 1117 1948 essent,
1142 1894 1228 1934 iam
1254 1890 1515 1934 tradidimus

98 1971 142 2012 in
163 1969 278 2012 thesi
298 1970 348 2012 de
369 1968 730 2012 immutabilitate
753 1968 859 2021 legis
880 1965 1106 2007 naturalis.
1134 1991 1185 1994 —
1207 1963 1343 2016 Quod
1366 1974 1516 2005 autem

99 2055 267 2100 spectat
301 2043 352 2086 ad
387 2043 750 2099 interpretatione122
789 2040 910 2095 legis‘,
946 2036 1231 2080 conferantur
1266 2051 1314 2077 ea
1338 2050 1448 2092 quae
1474 2035 1517 2075 in

99 2116 236 2172 priori
271 2127 392 2171 parte
427 2114 615 2156 diximus
652 2113 693 2153 in
733 2110 817 2152 fine
852 2121 1062 2151 tractatus
1099 2123 1173 2149 seu
1210 2107 1361 2163 capitis
1386 2104 1438 2148 de
1464 2105 1518 2147 le-

99 2183 229 2242 gibus
263 2183 349 2243 (2).

172 2360 217 2400 (1)
246 2357 372 2392 Matth.
401 2357 467 2391 XII
511 2368 542 2389 κ’.
574 2367 603 2400 3.

175 2415 227 2459 (2)
255 2413 405 2448 Collatis
433 2414 485 2453 iis,
513 2424 602 2457 quae
630 2412 840 2446 tradidimus
870 2411 901 2443 in
931 2410 1003 2444 vol.
1040 2410 1080 2442 Π.
1123 2421 1201 2454 pag.
1232 2419 1297 2453 73„
1335 2409 1375 2441 ad
1405 2406 1523 2441 absol-

102 2474 257 2508 vendam
286 2473 534 2518 quaestionem
565 2472 606 2505 de
637 2471 842 2504 li‘mimmw:
872 2470 965 2502 iuris.
