<?xml version="1.0" encoding="UTF-8"?>
<!DOCTYPE html PUBLIC "-//W3C//DTD XHTML 1.0 Transitional//EN"
    "http://www.w3.org/TR/xhtml1/DTD/xhtml1-transitional.dtd">
<html xmlns="http://www.w3.org/1999/xhtml" xml:lang="en" lang="en">
 <head>
  <title>
</title>
<meta http-equiv="Content-Type" content="text/html;charset=utf-8" />
  <meta name='ocr-system' content='tesseract 3.04.00' />
  <meta name='ocr-capabilities' content='ocr_page ocr_carea ocr_par ocr_line ocrx_word'/>
</head>
<body>
  <div class='ocr_page' id='page_1' title='image "./institutionesphi03ferr_0305.png"; bbox 0 0 1705 2787; ppageno 0'>
   <div class='ocr_carea' id='block_1_1' title="bbox 41 164 1531 2296">
    <p class='ocr_par' dir='ltr' id='par_1_1' title="bbox 41 164 1521 865">
     <span class='ocr_line' id='line_1_1' title="bbox 185 164 1514 223; baseline -0.003 -12"><span class='ocrx_word' id='word_1_1' title='bbox 185 167 349 222; x_wconf 81' lang='lat' dir='ltr'>Quoad</span> <span class='ocrx_word' id='word_1_2' title='bbox 367 175 438 209; x_wconf 51' lang='lat'>2³¹²</span> <span class='ocrx_word' id='word_1_3' title='bbox 460 166 597 209; x_wconf 85' lang='lat' dir='ltr'>civilis</span> <span class='ocrx_word' id='word_1_4' title='bbox 622 177 816 223; x_wconf 83' lang='lat' dir='ltr'>potestas</span> <span class='ocrx_word' id='word_1_5' title='bbox 841 164 984 222; x_wconf 87' lang='lat' dir='ltr'>debet,</span> <span class='ocrx_word' id='word_1_6' title='bbox 1005 177 1054 208; x_wconf 90' lang='lat' dir='ltr'>ut</span> <span class='ocrx_word' id='word_1_7' title='bbox 1078 164 1214 208; x_wconf 92' lang='lat' dir='ltr'>modo</span> <span class='ocrx_word' id='word_1_8' title='bbox 1240 164 1410 208; x_wconf 89' lang='lat' dir='ltr'>dictum</span> <span class='ocrx_word' id='word_1_9' title='bbox 1435 176 1514 220; x_wconf 85' lang='lat' dir='ltr'>est,</span> 
     </span>
     <span class='ocr_line' id='line_1_2' title="bbox 97 235 1518 295; baseline -0.004 -12"><span class='ocrx_word' id='word_1_10' title='bbox 97 239 257 284; x_wconf 88' lang='lat' dir='ltr'>habere</span> <span class='ocrx_word' id='word_1_11' title='bbox 291 237 457 281; x_wconf 78' lang='lat' dir='ltr'>milites</span> <span class='ocrx_word' id='word_1_12' title='bbox 492 249 535 279; x_wconf 86' lang='lat' dir='ltr'>et</span> <span class='ocrx_word' id='word_1_13' title='bbox 578 236 834 295; x_wconf 78' lang='lat' dir='ltr'>disciplinae</span> <span class='ocrx_word' id='word_1_14' title='bbox 888 236 1089 294; x_wconf 81' lang='lat' dir='ltr'>publicae</span> <span class='ocrx_word' id='word_1_15' title='bbox 1143 237 1390 291; x_wconf 83' lang='lat' dir='ltr'>ministrOS,</span> <span class='ocrx_word' id='word_1_16' title='bbox 1440 235 1518 292; x_wconf 88' lang='lat' dir='ltr'>qui</span> 
     </span>
     <span class='ocr_line' id='line_1_3' title="bbox 96 307 1518 369; baseline -0.004 -14"><span class='ocrx_word' id='word_1_17' title='bbox 96 326 299 369; x_wconf 82' lang='lat' dir='ltr'>congruo</span> <span class='ocrx_word' id='word_1_18' title='bbox 333 322 438 353; x_wconf 86' lang='lat' dir='ltr'>sunt</span> <span class='ocrx_word' id='word_1_19' title='bbox 470 309 693 367; x_wconf 88' lang='lat' dir='ltr'>stipendio</span> <span class='ocrx_word' id='word_1_20' title='bbox 718 308 928 366; x_wconf 88' lang='lat' dir='ltr'>donandi,</span> <span class='ocrx_word' id='word_1_21' title='bbox 947 308 1075 352; x_wconf 87' lang='lat' dir='ltr'>debet</span> <span class='ocrx_word' id='word_1_22' title='bbox 1093 307 1260 351; x_wconf 88' lang='lat' dir='ltr'>iudices</span> <span class='ocrx_word' id='word_1_23' title='bbox 1287 307 1446 351; x_wconf 86' lang='lat' dir='ltr'>habere</span> <span class='ocrx_word' id='word_1_24' title='bbox 1470 321 1518 348; x_wconf 93' lang='lat' dir='ltr'>ac</span> 
     </span>
     <span class='ocr_line' id='line_1_4' title="bbox 96 380 1518 441; baseline -0.005 -13"><span class='ocrx_word' id='word_1_25' title='bbox 96 385 397 441; x_wconf 78' lang='lat' dir='ltr'>magistratus,</span> <span class='ocrx_word' id='word_1_26' title='bbox 432 383 508 440; x_wconf 89' lang='lat' dir='ltr'>qui</span> <span class='ocrx_word' id='word_1_27' title='bbox 554 383 773 425; x_wconf 86' lang='lat' dir='ltr'>iustitiam</span> <span class='ocrx_word' id='word_1_28' title='bbox 822 394 1068 438; x_wconf 74' lang='lat' dir='ltr'>exerceant,</span> <span class='ocrx_word' id='word_1_29' title='bbox 1117 380 1245 424; x_wconf 82' lang='lat' dir='ltr'>debet</span> <span class='ocrx_word' id='word_1_30' title='bbox 1279 394 1518 438; x_wconf 86' lang='lat' dir='ltr'>procurare</span> 
     </span>
     <span class='ocr_line' id='line_1_5' title="bbox 97 452 1520 513; baseline -0.006 -13"><span class='ocrx_word' id='word_1_31' title='bbox 97 472 233 513; x_wconf 84' lang='lat' dir='ltr'>arma,</span> <span class='ocrx_word' id='word_1_32' title='bbox 266 456 558 510; x_wconf 76' lang='lat' dir='ltr'>munitiones,</span> <span class='ocrx_word' id='word_1_33' title='bbox 593 469 727 505; x_wconf 82' lang='lat' dir='ltr'>arces,</span> <span class='ocrx_word' id='word_1_34' title='bbox 752 454 980 511; x_wconf 86' lang='lat' dir='ltr'>praesidia,</span> <span class='ocrx_word' id='word_1_35' title='bbox 1018 452 1147 497; x_wconf 86' lang='lat' dir='ltr'>debet</span> <span class='ocrx_word' id='word_1_36' title='bbox 1181 454 1316 496; x_wconf 86' lang='lat' dir='ltr'>etiam</span> <span class='ocrx_word' id='word_1_37' title='bbox 1351 452 1520 508; x_wconf 82' lang='lat' dir='ltr'>erigere</span> 
     </span>
     <span class='ocr_line' id='line_1_6' title="bbox 97 523 1519 585; baseline -0.005 -14"><span class='ocrx_word' id='word_1_38' title='bbox 97 527 293 572; x_wconf 83' lang='lat' dir='ltr'>aedificia</span> <span class='ocrx_word' id='word_1_39' title='bbox 327 525 515 585; x_wconf 75' lang='lat' dir='ltr'>pubiica,</span> <span class='ocrx_word' id='word_1_40' title='bbox 565 538 825 568; x_wconf 88' lang='lat' dir='ltr'>construere</span> <span class='ocrx_word' id='word_1_41' title='bbox 859 538 1030 582; x_wconf 80' lang='lat' dir='ltr'>pontes,</span> <span class='ocrx_word' id='word_1_42' title='bbox 1065 526 1156 568; x_wconf 71' lang='lat' dir='ltr'>vias</span> <span class='ocrx_word' id='word_1_43' title='bbox 1206 523 1403 582; x_wconf 86' lang='lat' dir='ltr'>publicas</span> <span class='ocrx_word' id='word_1_44' title='bbox 1438 535 1519 565; x_wconf 89' lang='lat' dir='ltr'>etc.</span> 
     </span>
     <span class='ocr_line' id='line_1_7' title="bbox 79 595 1520 656; baseline -0.004 -15"><span class='ocrx_word' id='word_1_45' title='bbox 79 599 236 656; x_wconf 26' lang='lat' dir='ltr'>,Atqui</span> <span class='ocrx_word' id='word_1_46' title='bbox 269 597 374 640; x_wconf 90' lang='lat' dir='ltr'>haec</span> <span class='ocrx_word' id='word_1_47' title='bbox 408 597 560 639; x_wconf 90' lang='lat' dir='ltr'>omnia</span> <span class='ocrx_word' id='word_1_48' title='bbox 593 608 691 638; x_wconf 87' lang='lat' dir='ltr'>tum</span> <span class='ocrx_word' id='word_1_49' title='bbox 724 609 916 652; x_wconf 72' lang='lat' dir='ltr'>vergunt</span> <span class='ocrx_word' id='word_1_50' title='bbox 964 597 1009 638; x_wconf 90' lang='lat' dir='ltr'>in</span> <span class='ocrx_word' id='word_1_51' title='bbox 1046 595 1214 638; x_wconf 86' lang='lat' dir='ltr'>bonum</span> <span class='ocrx_word' id='word_1_52' title='bbox 1262 607 1520 647; x_wconf 87' lang='lat' dir='ltr'>commune,</span> 
     </span>
     <span class='ocr_line' id='line_1_8' title="bbox 98 664 1520 726; baseline -0.003 -14"><span class='ocrx_word' id='word_1_53' title='bbox 98 683 197 714; x_wconf 90' lang='lat' dir='ltr'>tum</span> <span class='ocrx_word' id='word_1_54' title='bbox 230 680 462 726; x_wconf 86' lang='lat' dir='ltr'>nequeunt</span> <span class='ocrx_word' id='word_1_55' title='bbox 495 683 518 710; x_wconf 88' lang='lat' dir='ltr'>a</span> <span class='ocrx_word' id='word_1_56' title='bbox 551 667 667 710; x_wconf 80' lang='lat' dir='ltr'>civili</span> <span class='ocrx_word' id='word_1_57' title='bbox 700 679 917 724; x_wconf 74' lang='lat' dir='ltr'>potestate</span> <span class='ocrx_word' id='word_1_58' title='bbox 951 668 1177 725; x_wconf 85' lang='lat' dir='ltr'>praestari,</span> <span class='ocrx_word' id='word_1_59' title='bbox 1211 668 1296 709; x_wconf 86' lang='lat' dir='ltr'>nisi</span> <span class='ocrx_word' id='word_1_60' title='bbox 1330 667 1444 709; x_wconf 79' lang='lat' dir='ltr'>cives</span> <span class='ocrx_word' id='word_1_61' title='bbox 1469 664 1520 708; x_wconf 83' lang='lat' dir='ltr'>de</span> 
     </span>
     <span class='ocr_line' id='line_1_9' title="bbox 100 734 1521 796; baseline -0.004 -13"><span class='ocrx_word' id='word_1_62' title='bbox 100 740 227 784; x_wconf 80' lang='lat' dir='ltr'>bonis</span> <span class='ocrx_word' id='word_1_63' title='bbox 263 740 355 783; x_wconf 87' lang='lat' dir='ltr'>suis</span> <span class='ocrx_word' id='word_1_64' title='bbox 389 737 557 796; x_wconf 80' lang='lat' dir='ltr'>aliquid</span> <span class='ocrx_word' id='word_1_65' title='bbox 591 737 893 784; x_wconf 72' lang='lat' dir='ltr'>contribuant.</span> <span class='ocrx_word' id='word_1_66' title='bbox 918 739 1036 795; x_wconf 81' lang='lat' dir='ltr'>Ergo</span> <span class='ocrx_word' id='word_1_67' title='bbox 1061 738 1199 781; x_wconf 73' lang='lat' dir='ltr'>civilis</span> <span class='ocrx_word' id='word_1_68' title='bbox 1224 749 1420 794; x_wconf 90' lang='lat' dir='ltr'>potestas</span> <span class='ocrx_word' id='word_1_69' title='bbox 1447 734 1521 778; x_wconf 87' lang='lat' dir='ltr'>ha-</span> 
     </span>
     <span class='ocr_line' id='line_1_10' title="bbox 41 808 1316 865; baseline -0.002 -11"><span class='ocrx_word' id='word_1_70' title='bbox 41 813 44 816; x_wconf 70' lang='grc'>’</span> <span class='ocrx_word' id='word_1_71' title='bbox 100 810 171 854; x_wconf 87' lang='lat' dir='ltr'>bet</span> <span class='ocrx_word' id='word_1_72' title='bbox 194 812 263 854; x_wconf 91' lang='lat' dir='ltr'>ius</span> <span class='ocrx_word' id='word_1_73' title='bbox 298 809 464 854; x_wconf 86' lang='lat' dir='ltr'>tributa</span> <span class='ocrx_word' id='word_1_74' title='bbox 497 821 540 852; x_wconf 87' lang='lat' dir='ltr'>et</span> <span class='ocrx_word' id='word_1_75' title='bbox 561 809 803 865; x_wconf 65' lang='lat' dir='ltr'>vvectigalia</span> <span class='ocrx_word' id='word_1_76' title='bbox 835 825 856 851; x_wconf 89' lang='lat' dir='ltr'>a</span> <span class='ocrx_word' id='word_1_77' title='bbox 893 809 1062 852; x_wconf 82' lang='lat' dir='ltr'>civibus</span> <span class='ocrx_word' id='word_1_78' title='bbox 1098 808 1316 865; x_wconf 78' lang='lat' dir='ltr'>exigendi.</span> 
     </span>
    </p>

    <p class='ocr_par' dir='ltr' id='par_1_2' title="bbox 99 880 1527 1940">
     <span class='ocr_line' id='line_1_11' title="bbox 187 880 1522 940; baseline -0.004 -14"><span class='ocrx_word' id='word_1_79' title='bbox 187 884 305 926; x_wconf 86' lang='lat' dir='ltr'>Haec</span> <span class='ocrx_word' id='word_1_80' title='bbox 338 880 764 925; x_wconf 73' lang='lat' dir='ltr'>animadvertantur.</span> <span class='ocrx_word' id='word_1_81' title='bbox 800 908 852 912; x_wconf 81' lang='lat'>——</span> <span class='ocrx_word' id='word_1_82' title='bbox 882 882 958 940; x_wconf 66' lang='lat' dir='ltr'>LO)</span> <span class='ocrx_word' id='word_1_83' title='bbox 984 882 1081 924; x_wconf 93' lang='lat' dir='ltr'>Hoc</span> <span class='ocrx_word' id='word_1_84' title='bbox 1116 882 1183 923; x_wconf 90' lang='lat' dir='ltr'>ius</span> <span class='ocrx_word' id='word_1_85' title='bbox 1210 881 1353 923; x_wconf 87' lang='lat' dir='ltr'>oritur</span> <span class='ocrx_word' id='word_1_86' title='bbox 1374 895 1425 920; x_wconf 81' lang='lat' dir='ltr'>ex</span> <span class='ocrx_word' id='word_1_87' title='bbox 1447 893 1522 921; x_wconf 88' lang='lat' dir='ltr'>ne-</span> 
     </span>
     <span class='ocr_line' id='line_1_12' title="bbox 99 950 1523 1010; baseline -0.003 -14"><span class='ocrx_word' id='word_1_88' title='bbox 99 954 318 1009; x_wconf 74' lang='lat' dir='ltr'>cessitate,</span> <span class='ocrx_word' id='word_1_89' title='bbox 352 953 397 995; x_wconf 90' lang='lat' dir='ltr'>in</span> <span class='ocrx_word' id='word_1_90' title='bbox 435 967 520 1010; x_wconf 86' lang='lat' dir='ltr'>qua</span> <span class='ocrx_word' id='word_1_91' title='bbox 555 952 692 995; x_wconf 80' lang='lat' dir='ltr'>civilis</span> <span class='ocrx_word' id='word_1_92' title='bbox 742 964 937 1008; x_wconf 87' lang='lat' dir='ltr'>potestas</span> <span class='ocrx_word' id='word_1_93' title='bbox 987 964 1203 1007; x_wconf 73' lang='lat' dir='ltr'>versatur,</span> <span class='ocrx_word' id='word_1_94' title='bbox 1253 950 1523 1008; x_wconf 86' lang='lat' dir='ltr'>procurandi</span> 
     </span>
     <span class='ocr_line' id='line_1_13' title="bbox 99 1023 1522 1082; baseline -0.003 -14"><span class='ocrx_word' id='word_1_95' title='bbox 99 1025 183 1068; x_wconf 87' lang='lat' dir='ltr'>sibi</span> <span class='ocrx_word' id='word_1_96' title='bbox 217 1024 376 1080; x_wconf 86' lang='lat' dir='ltr'>media,</span> <span class='ocrx_word' id='word_1_97' title='bbox 410 1040 521 1082; x_wconf 87' lang='lat' dir='ltr'>quae</span> <span class='ocrx_word' id='word_1_98' title='bbox 556 1025 847 1082; x_wconf 83' lang='lat' dir='ltr'>requiruntur</span> <span class='ocrx_word' id='word_1_99' title='bbox 882 1023 934 1066; x_wconf 87' lang='lat' dir='ltr'>ad</span> <span class='ocrx_word' id='word_1_100' title='bbox 987 1036 1151 1067; x_wconf 83' lang='lat' dir='ltr'>rectam</span> <span class='ocrx_word' id='word_1_101' title='bbox 1186 1023 1408 1065; x_wconf 87' lang='lat' dir='ltr'>societatis</span> <span class='ocrx_word' id='word_1_102' title='bbox 1443 1038 1522 1079; x_wconf 83' lang='lat' dir='ltr'>gu-</span> 
     </span>
     <span class='ocr_line' id='line_1_14' title="bbox 102 1095 1523 1153; baseline -0.002 -14"><span class='ocrx_word' id='word_1_103' title='bbox 102 1097 426 1153; x_wconf 87' lang='lat' dir='ltr'>bernationem,</span> <span class='ocrx_word' id='word_1_104' title='bbox 460 1097 646 1139; x_wconf 85' lang='lat' dir='ltr'>tutelam</span> <span class='ocrx_word' id='word_1_105' title='bbox 680 1111 727 1138; x_wconf 92' lang='lat' dir='ltr'>ac</span> <span class='ocrx_word' id='word_1_106' title='bbox 761 1097 1117 1153; x_wconf 84' lang='lat' dir='ltr'>prosperitatem.</span> <span class='ocrx_word' id='word_1_107' title='bbox 1168 1097 1286 1153; x_wconf 79' lang='lat' dir='ltr'>Ergo</span> <span class='ocrx_word' id='word_1_108' title='bbox 1337 1095 1419 1138; x_wconf 92' lang='lat' dir='ltr'>hoc</span> <span class='ocrx_word' id='word_1_109' title='bbox 1454 1095 1523 1136; x_wconf 90' lang='lat' dir='ltr'>ius</span> 
     </span>
     <span class='ocr_line' id='line_1_15' title="bbox 102 1165 1524 1225; baseline -0.001 -15"><span class='ocrx_word' id='word_1_110' title='bbox 102 1183 194 1210; x_wconf 88' lang='lat' dir='ltr'>non</span> <span class='ocrx_word' id='word_1_111' title='bbox 227 1168 325 1225; x_wconf 89' lang='lat' dir='ltr'>plus</span> <span class='ocrx_word' id='word_1_112' title='bbox 350 1179 484 1224; x_wconf 87' lang='lat' dir='ltr'>patet,</span> <span class='ocrx_word' id='word_1_113' title='bbox 507 1181 642 1225; x_wconf 85' lang='lat' dir='ltr'>quam</span> <span class='ocrx_word' id='word_1_114' title='bbox 667 1166 887 1224; x_wconf 84' lang='lat' dir='ltr'>praedicta</span> <span class='ocrx_word' id='word_1_115' title='bbox 910 1180 1055 1224; x_wconf 84' lang='lat' dir='ltr'>pateat</span> <span class='ocrx_word' id='word_1_116' title='bbox 1081 1168 1318 1209; x_wconf 73' lang='lat' dir='ltr'>necessitas</span> <span class='ocrx_word' id='word_1_117' title='bbox 1343 1182 1419 1209; x_wconf 76' lang='lat' dir='ltr'>seu</span> <span class='ocrx_word' id='word_1_118' title='bbox 1441 1165 1524 1208; x_wconf 87' lang='lat' dir='ltr'>uti-</span> 
     </span>
     <span class='ocr_line' id='line_1_16' title="bbox 100 1236 1523 1298; baseline -0.002 -15"><span class='ocrx_word' id='word_1_119' title='bbox 100 1241 213 1284; x_wconf 81' lang='lat' dir='ltr'>litaS.</span> <span class='ocrx_word' id='word_1_120' title='bbox 236 1266 289 1271; x_wconf 82' lang='lat'>—-</span> <span class='ocrx_word' id='word_1_121' title='bbox 310 1240 392 1298; x_wconf 81' lang='lat'><strong>2⁰.)</strong></span> <span class='ocrx_word' id='word_1_122' title='bbox 425 1240 475 1282; x_wconf 88' lang='lat' dir='ltr'>In</span> <span class='ocrx_word' id='word_1_123' title='bbox 510 1239 643 1282; x_wconf 90' lang='lat' dir='ltr'>huius</span> <span class='ocrx_word' id='word_1_124' title='bbox 688 1240 798 1282; x_wconf 87' lang='lat' dir='ltr'>iuris</span> <span class='ocrx_word' id='word_1_125' title='bbox 833 1240 1042 1282; x_wconf 75' lang='lat' dir='ltr'>exercitio</span> <span class='ocrx_word' id='word_1_126' title='bbox 1077 1255 1152 1282; x_wconf 83' lang='lat' dir='ltr'>seu</span> <span class='ocrx_word' id='word_1_127' title='bbox 1175 1240 1219 1281; x_wconf 89' lang='lat' dir='ltr'>in</span> <span class='ocrx_word' id='word_1_128' title='bbox 1240 1236 1523 1295; x_wconf 74' lang='lat' dir='ltr'>imponendis</span> 
     </span>
     <span class='ocr_line' id='line_1_17' title="bbox 101 1308 1526 1367; baseline -0.003 -13"><span class='ocrx_word' id='word_1_129' title='bbox 101 1312 212 1354; x_wconf 82' lang='lat' dir='ltr'>taxis</span> <span class='ocrx_word' id='word_1_130' title='bbox 246 1309 460 1354; x_wconf 85' lang='lat' dir='ltr'>servanda</span> <span class='ocrx_word' id='word_1_131' title='bbox 494 1322 559 1352; x_wconf 89' lang='lat' dir='ltr'>est</span> <span class='ocrx_word' id='word_1_132' title='bbox 603 1310 843 1367; x_wconf 76' lang='lat' dir='ltr'>aequalitas</span> <span class='ocrx_word' id='word_1_133' title='bbox 890 1310 961 1352; x_wconf 81' lang='lat' dir='ltr'>illa</span> <span class='ocrx_word' id='word_1_134' title='bbox 997 1309 1317 1367; x_wconf 79' lang='lat' dir='ltr'>proportionis,</span> <span class='ocrx_word' id='word_1_135' title='bbox 1353 1308 1404 1351; x_wconf 89' lang='lat' dir='ltr'>de</span> <span class='ocrx_word' id='word_1_136' title='bbox 1439 1322 1526 1366; x_wconf 87' lang='lat' dir='ltr'>qua</span> 
     </span>
     <span class='ocr_line' id='line_1_18' title="bbox 101 1380 1526 1439; baseline -0.003 -15"><span class='ocrx_word' id='word_1_137' title='bbox 101 1383 306 1439; x_wconf 87' lang='lat' dir='ltr'>superius</span> <span class='ocrx_word' id='word_1_138' title='bbox 341 1380 534 1424; x_wconf 78' lang='lat' dir='ltr'>diximus</span> <span class='ocrx_word' id='word_1_139' title='bbox 569 1380 655 1439; x_wconf 82' lang='lat'>(1).</span> <span class='ocrx_word' id='word_1_140' title='bbox 707 1381 967 1424; x_wconf 82' lang='lat' dir='ltr'>Generatim</span> <span class='ocrx_word' id='word_1_141' title='bbox 1000 1380 1240 1438; x_wconf 83' lang='lat' dir='ltr'>loquendo,</span> <span class='ocrx_word' id='word_1_142' title='bbox 1290 1381 1426 1422; x_wconf 88' lang='lat' dir='ltr'>satius</span> <span class='ocrx_word' id='word_1_143' title='bbox 1460 1392 1526 1421; x_wconf 86' lang='lat' dir='ltr'>est</span> 
     </span>
     <span class='ocr_line' id='line_1_19' title="bbox 103 1452 1522 1511; baseline -0.001 -15"><span class='ocrx_word' id='word_1_144' title='bbox 103 1454 337 1511; x_wconf 80' lang='lat' dir='ltr'>imponere</span> <span class='ocrx_word' id='word_1_145' title='bbox 372 1466 489 1496; x_wconf 76' lang='lat' dir='ltr'>taxas</span> <span class='ocrx_word' id='word_1_146' title='bbox 513 1453 702 1504; x_wconf 73' lang='lat' dir='ltr'>directas,</span> <span class='ocrx_word' id='word_1_147' title='bbox 729 1468 840 1511; x_wconf 86' lang='lat' dir='ltr'>quae</span> <span class='ocrx_word' id='word_1_148' title='bbox 866 1468 1026 1510; x_wconf 87' lang='lat' dir='ltr'>nempe</span> <span class='ocrx_word' id='word_1_149' title='bbox 1050 1452 1417 1510; x_wconf 81' lang='lat' dir='ltr'>praescribuntur</span> <span class='ocrx_word' id='word_1_150' title='bbox 1442 1467 1522 1508; x_wconf 91' lang='lat' dir='ltr'>pro</span> 
     </span>
     <span class='ocr_line' id='line_1_20' title="bbox 103 1523 1524 1582; baseline -0.003 -14"><span class='ocrx_word' id='word_1_151' title='bbox 103 1538 194 1569; x_wconf 86' lang='lat' dir='ltr'>rata</span> <span class='ocrx_word' id='word_1_152' title='bbox 229 1524 488 1580; x_wconf 84' lang='lat' dir='ltr'>fundorum,</span> <span class='ocrx_word' id='word_1_153' title='bbox 513 1540 624 1582; x_wconf 86' lang='lat' dir='ltr'>quos</span> <span class='ocrx_word' id='word_1_154' title='bbox 650 1526 764 1567; x_wconf 76' lang='lat' dir='ltr'>cives</span> <span class='ocrx_word' id='word_1_155' title='bbox 790 1523 1033 1581; x_wconf 86' lang='lat' dir='ltr'>possident,</span> <span class='ocrx_word' id='word_1_156' title='bbox 1058 1524 1125 1567; x_wconf 66' lang='lat' dir='ltr'>vel</span> <span class='ocrx_word' id='word_1_157' title='bbox 1151 1523 1364 1580; x_wconf 82' lang='lat' dir='ltr'>redditus,</span> <span class='ocrx_word' id='word_1_158' title='bbox 1390 1537 1524 1581; x_wconf 88' lang='lat' dir='ltr'>quem</span> 
     </span>
     <span class='ocr_line' id='line_1_21' title="bbox 102 1595 1521 1655; baseline -0.004 -15"><span class='ocrx_word' id='word_1_159' title='bbox 102 1597 368 1655; x_wconf 85' lang='lat' dir='ltr'>percipiunt,</span> <span class='ocrx_word' id='word_1_160' title='bbox 405 1612 538 1654; x_wconf 84' lang='lat' dir='ltr'>quam</span> <span class='ocrx_word' id='word_1_161' title='bbox 583 1608 701 1638; x_wconf 70' lang='lat' dir='ltr'>taxas</span> <span class='ocrx_word' id='word_1_162' title='bbox 746 1596 981 1647; x_wconf 69' lang='lat' dir='ltr'>indirectas,</span> <span class='ocrx_word' id='word_1_163' title='bbox 1035 1611 1145 1653; x_wconf 86' lang='lat' dir='ltr'>quae</span> <span class='ocrx_word' id='word_1_164' title='bbox 1181 1611 1340 1652; x_wconf 85' lang='lat' dir='ltr'>nempe</span> <span class='ocrx_word' id='word_1_165' title='bbox 1390 1595 1521 1637; x_wconf 86' lang='lat' dir='ltr'>certis</span> 
     </span>
     <span class='ocr_line' id='line_1_22' title="bbox 102 1665 1527 1725; baseline -0.002 -14"><span class='ocrx_word' id='word_1_166' title='bbox 102 1668 322 1711; x_wconf 87' lang='lat' dir='ltr'>mercium</span> <span class='ocrx_word' id='word_1_167' title='bbox 355 1666 595 1724; x_wconf 79' lang='lat' dir='ltr'>generibus</span> <span class='ocrx_word' id='word_1_168' title='bbox 629 1671 943 1725; x_wconf 87' lang='lat' dir='ltr'>imponuntur.</span> <span class='ocrx_word' id='word_1_169' title='bbox 979 1666 1117 1720; x_wconf 87' lang='lat' dir='ltr'>Quod</span> <span class='ocrx_word' id='word_1_170' title='bbox 1151 1667 1185 1708; x_wconf 91' lang='lat' dir='ltr'>si</span> <span class='ocrx_word' id='word_1_171' title='bbox 1210 1679 1333 1709; x_wconf 79' lang='lat' dir='ltr'>taxae</span> <span class='ocrx_word' id='word_1_172' title='bbox 1358 1665 1438 1708; x_wconf 86' lang='lat' dir='ltr'>hae</span> <span class='ocrx_word' id='word_1_173' title='bbox 1462 1666 1527 1708; x_wconf 90' lang='lat' dir='ltr'>in-</span> 
     </span>
     <span class='ocr_line' id='line_1_23' title="bbox 103 1737 1527 1796; baseline -0.002 -14"><span class='ocrx_word' id='word_1_174' title='bbox 103 1738 293 1782; x_wconf 84' lang='lat' dir='ltr'>directae</span> <span class='ocrx_word' id='word_1_175' title='bbox 312 1740 611 1796; x_wconf 83' lang='lat' dir='ltr'>assignantur,</span> <span class='ocrx_word' id='word_1_176' title='bbox 637 1754 727 1781; x_wconf 89' lang='lat' dir='ltr'>non</span> <span class='ocrx_word' id='word_1_177' title='bbox 753 1738 965 1781; x_wconf 86' lang='lat' dir='ltr'>deberent</span> <span class='ocrx_word' id='word_1_178' title='bbox 990 1739 1163 1795; x_wconf 85' lang='lat' dir='ltr'>imponi</span> <span class='ocrx_word' id='word_1_179' title='bbox 1182 1737 1314 1780; x_wconf 86' lang='lat' dir='ltr'>rebus</span> <span class='ocrx_word' id='word_1_180' title='bbox 1334 1738 1527 1780; x_wconf 73' lang='lat' dir='ltr'>maxime</span> 
     </span>
     <span class='ocr_line' id='line_1_24' title="bbox 103 1808 1527 1867; baseline -0.002 -14"><span class='ocrx_word' id='word_1_181' title='bbox 103 1811 375 1866; x_wconf 83' lang='lat' dir='ltr'>necessariis,</span> <span class='ocrx_word' id='word_1_182' title='bbox 410 1826 464 1852; x_wconf 89' lang='lat' dir='ltr'>ne</span> <span class='ocrx_word' id='word_1_183' title='bbox 498 1825 711 1867; x_wconf 86' lang='lat' dir='ltr'>pauperes</span> <span class='ocrx_word' id='word_1_184' title='bbox 746 1811 886 1866; x_wconf 75' lang='lat' dir='ltr'>magis</span> <span class='ocrx_word' id='word_1_185' title='bbox 912 1825 1045 1867; x_wconf 79' lang='lat' dir='ltr'>quam</span> <span class='ocrx_word' id='word_1_186' title='bbox 1081 1808 1236 1851; x_wconf 79' lang='lat' dir='ltr'>divites</span> <span class='ocrx_word' id='word_1_187' title='bbox 1271 1820 1527 1865; x_wconf 68' lang='lat' dir='ltr'>graventur.</span> 
     </span>
     <span class='ocr_line' id='line_1_25' title="bbox 104 1880 945 1940; baseline 0 -17"><span class='ocrx_word' id='word_1_188' title='bbox 104 1883 169 1924; x_wconf 93' lang='lat' dir='ltr'>De</span> <span class='ocrx_word' id='word_1_189' title='bbox 203 1881 271 1924; x_wconf 88' lang='lat' dir='ltr'>his</span> <span class='ocrx_word' id='word_1_190' title='bbox 305 1880 471 1940; x_wconf 87' lang='lat' dir='ltr'>aliquid</span> <span class='ocrx_word' id='word_1_191' title='bbox 506 1883 707 1925; x_wconf 86' lang='lat' dir='ltr'>innuisse</span> <span class='ocrx_word' id='word_1_192' title='bbox 742 1880 945 1924; x_wconf 82' lang='lat' dir='ltr'>sufficiat.</span> 
     </span>
    </p>

    <p class='ocr_par' dir='ltr' id='par_1_3' title="bbox 105 1952 1531 2296">
     <span class='ocr_line' id='line_1_26' title="bbox 194 1952 1529 2011; baseline -0.001 -16"><span class='ocrx_word' id='word_1_193' title='bbox 194 1953 314 1996; x_wconf 89' lang='lat' dir='ltr'>Inter</span> <span class='ocrx_word' id='word_1_194' title='bbox 340 1954 451 2009; x_wconf 85' lang='lat' dir='ltr'>iura,</span> <span class='ocrx_word' id='word_1_195' title='bbox 471 1953 634 2011; x_wconf 83' lang='lat' dir='ltr'>quibus</span> <span class='ocrx_word' id='word_1_196' title='bbox 654 1966 829 1997; x_wconf 84' lang='lat' dir='ltr'>constat</span> <span class='ocrx_word' id='word_1_197' title='bbox 849 1953 986 1996; x_wconf 77' lang='lat' dir='ltr'>civilis</span> <span class='ocrx_word' id='word_1_198' title='bbox 1007 1953 1261 2007; x_wconf 87' lang='lat' dir='ltr'>auctoritas,</span> <span class='ocrx_word' id='word_1_199' title='bbox 1281 1952 1529 2009; x_wconf 82' lang='lat' dir='ltr'>principem</span> 
     </span>
     <span class='ocr_line' id='line_1_27' title="bbox 105 2024 1528 2082; baseline -0.001 -16"><span class='ocrx_word' id='word_1_200' title='bbox 105 2036 225 2067; x_wconf 82' lang='lat' dir='ltr'>tenet</span> <span class='ocrx_word' id='word_1_201' title='bbox 260 2024 410 2067; x_wconf 80' lang='lat' dir='ltr'>locum</span> <span class='ocrx_word' id='word_1_202' title='bbox 444 2026 512 2067; x_wconf 90' lang='lat' dir='ltr'>ius</span> <span class='ocrx_word' id='word_1_203' title='bbox 552 2024 719 2068; x_wconf 85' lang='lat' dir='ltr'>ferendi</span> <span class='ocrx_word' id='word_1_204' title='bbox 755 2025 886 2082; x_wconf 76' lang='lat' dir='ltr'>leges.</span> <span class='ocrx_word' id='word_1_205' title='bbox 940 2026 1035 2066; x_wconf 79' lang='lat' dir='ltr'>Hoc</span> <span class='ocrx_word' id='word_1_206' title='bbox 1070 2026 1138 2067; x_wconf 85' lang='lat' dir='ltr'>ius</span> <span class='ocrx_word' id='word_1_207' title='bbox 1188 2035 1528 2080; x_wconf 86' lang='lat' dir='ltr'>consequuntur</span> 
     </span>
     <span class='ocr_line' id='line_1_28' title="bbox 105 2094 1530 2153; baseline -0.001 -15"><span class='ocrx_word' id='word_1_208' title='bbox 105 2094 195 2138; x_wconf 86' lang='lat' dir='ltr'>duo</span> <span class='ocrx_word' id='word_1_209' title='bbox 229 2095 314 2138; x_wconf 83' lang='lat' dir='ltr'>alia</span> <span class='ocrx_word' id='word_1_210' title='bbox 347 2096 443 2139; x_wconf 86' lang='lat' dir='ltr'>iura</span> <span class='ocrx_word' id='word_1_211' title='bbox 477 2098 504 2139; x_wconf 88' lang='lat' dir='ltr'>i.</span> <span class='ocrx_word' id='word_1_212' title='bbox 540 2113 575 2139; x_wconf 89' lang='lat' dir='ltr'>e.</span> <span class='ocrx_word' id='word_1_213' title='bbox 610 2096 833 2140; x_wconf 83' lang='lat' dir='ltr'>iudicandi</span> <span class='ocrx_word' id='word_1_214' title='bbox 868 2109 908 2139; x_wconf 85' lang='lat' dir='ltr'>et</span> <span class='ocrx_word' id='word_1_215' title='bbox 958 2094 1250 2153; x_wconf 76' lang='lat' dir='ltr'>exsequendi:</span> <span class='ocrx_word' id='word_1_216' title='bbox 1287 2110 1399 2153; x_wconf 87' lang='lat' dir='ltr'>quae</span> <span class='ocrx_word' id='word_1_217' title='bbox 1435 2095 1530 2137; x_wconf 84' lang='lat' dir='ltr'>iura</span> 
     </span>
     <span class='ocr_line' id='line_1_29' title="bbox 105 2166 1531 2225; baseline -0.002 -16"><span class='ocrx_word' id='word_1_218' title='bbox 105 2179 209 2210; x_wconf 84' lang='lat' dir='ltr'>sunt</span> <span class='ocrx_word' id='word_1_219' title='bbox 243 2166 424 2225; x_wconf 86' lang='lat' dir='ltr'>quidem</span> <span class='ocrx_word' id='word_1_220' title='bbox 460 2168 721 2223; x_wconf 85' lang='lat' dir='ltr'>necessaria,</span> <span class='ocrx_word' id='word_1_221' title='bbox 756 2166 830 2210; x_wconf 87' lang='lat' dir='ltr'>sed</span> <span class='ocrx_word' id='word_1_222' title='bbox 866 2168 931 2209; x_wconf 87' lang='lat' dir='ltr'>ius</span> <span class='ocrx_word' id='word_1_223' title='bbox 967 2166 1135 2209; x_wconf 86' lang='lat' dir='ltr'>ferendi</span> <span class='ocrx_word' id='word_1_224' title='bbox 1170 2166 1286 2222; x_wconf 78' lang='lat' dir='ltr'>leges</span> <span class='ocrx_word' id='word_1_225' title='bbox 1321 2180 1531 2223; x_wconf 83' lang='lat' dir='ltr'>praesup-</span> 
     </span>
     <span class='ocr_line' id='line_1_30' title="bbox 108 2237 834 2296; baseline -0.001 -15"><span class='ocrx_word' id='word_1_226' title='bbox 108 2251 284 2296; x_wconf 88' lang='lat' dir='ltr'>ponunt</span> <span class='ocrx_word' id='word_1_227' title='bbox 319 2251 360 2281; x_wconf 88' lang='lat' dir='ltr'>et</span> <span class='ocrx_word' id='word_1_228' title='bbox 394 2238 446 2281; x_wconf 85' lang='lat' dir='ltr'>ab</span> <span class='ocrx_word' id='word_1_229' title='bbox 482 2255 533 2281; x_wconf 90' lang='lat' dir='ltr'>eo</span> <span class='ocrx_word' id='word_1_230' title='bbox 569 2237 834 2296; x_wconf 82' lang='lat' dir='ltr'>dependent.</span> 
     </span>
    </p>
   </div>
   <div class='ocr_carea' id='block_1_2' title="bbox 112 2374 322 2380">
    <p class='ocr_par' dir='ltr' id='par_1_4' title="bbox 112 2374 322 2380">
     <span class='ocr_line' id='line_1_31' title="bbox 112 2374 322 2380; baseline 0 0"><span class='ocrx_word' id='word_1_231' title='bbox 112 2374 322 2380; x_wconf 95' lang='lat' dir='ltr'> </span> 
     </span>
    </p>
   </div>
   <div class='ocr_carea' id='block_1_3' title="bbox 179 2460 562 2506">
    <p class='ocr_par' dir='ltr' id='par_1_5' title="bbox 179 2460 562 2506">
     <span class='ocr_line' id='line_1_32' title="bbox 179 2460 562 2506; baseline -0.005 -9"><span class='ocrx_word' id='word_1_232' title='bbox 179 2460 234 2506; x_wconf 83' lang='lat'>(1)</span> <span class='ocrx_word' id='word_1_233' title='bbox 262 2462 353 2495; x_wconf 56' lang='lat' dir='ltr'>Vide</span> <span class='ocrx_word' id='word_1_234' title='bbox 382 2471 460 2505; x_wconf 69' lang='lat' dir='ltr'>pag.</span> <span class='ocrx_word' id='word_1_235' title='bbox 484 2471 562 2506; x_wconf 74' lang='lat'>272.</span> 
     </span>
    </p>
   </div>
  </div>
 </body>
</html>
