1705 2787
812 82 860 87 «-
897 71 917 112 4
932 69 982 100 20
1020 83 1068 88 -—

231 179 384 223 gentes
419 178 626 208 tenentur
664 178 822 208 mutuo
857 180 1008 208 amore
1028 180 1071 206 se
1097 163 1320 221 prosequi.
1343 161 1405 206 Ex
1430 177 1497 219 eo,
1522 159 1648 221 quod

233 238 369 280 homo
404 237 511 279 alios
547 236 753 278 homines
802 251 949 278 amare
994 233 1147 277 debeat
1192 234 1305 276 sicut
1338 234 1551 290 seipsum,
1586 249 1646 276 se·

231 311 383 366 quitur
418 307 631 351 naturalis
668 307 881 363 obligatio
901 305 1193 349 subveniendi
1216 305 1421 362 proximo
1442 306 1483 347 in
1508 306 1647 361 gra-vi,

232 380 464 437 multoque
499 380 638 434 magis
665 380 707 420 in
741 394 908 420 exrema
944 378 1203 420 necessitate
1227 377 1488 430 constituto,
1513 377 1646 419 etiam

230 466 331 492 cum
353 450 534 507 proprio
560 449 863 491 incommodo:
891 464 1017 491 secus
1043 449 1159 491 enim
1188 463 1277 490 non
1305 447 1644 504 intelligeretur,

229 537 318 578 quo
354 520 514 563 rediret
549 520 748 563 naturale
783 519 892 563 illud
928 519 1122 562 officium
1160 518 1334 561 amandi
1370 520 1493 575 alios,
1527 521 1641 563 sicut

229 607 272 633 se
306 591 392 649 (1).
428 590 595 634 Eodem
631 592 765 647 igitur
800 603 943 647 pacto,
978 606 1028 632 ex
1062 606 1128 645 eo,
1163 588 1283 647 quod
1318 590 1496 647 quaevis
1532 605 1640 647 gens

229 663 333 705 alias
367 675 521 719 gentes
557 677 703 704 amare
739 660 892 704 debeat
926 662 1040 704 sicut
1073 662 1280 717 seipsam,
1304 662 1505 718 sequitur
1532 660 1643 704 obli·
1688 699 1691 703 .

232 737 352 791 gatio
387 735 601 778 naturalis
649 733 936 777 succurrendi
982 733 1053 776 alii
1099 733 1269 776 nationi
1318 733 1362 775 in
1407 734 1521 775 vitae
1566 748 1641 776 seu

232 805 582 847 conservationis
618 804 874 847 discrimine
910 803 966 846 ob
1002 803 1182 846 alterius
1217 805 1362 860 gentis
1398 805 1644 862 nequitiam

230 878 512 929 constitutae,
532 875 780 919 dummodo
805 875 1020 918 auxilium
1047 874 1129 918 hoc
1151 874 1470 918 rationabiliter
1496 877 1646 919 invitis

232 963 321 990 non
347 946 628 1002 obtrudatur,
654 961 796 1004 neque
816 945 986 1001 officiis,
1012 944 1173 1003 quibus
1194 947 1315 988 natio
1335 961 1435 1003 erga
1456 947 1646 1004 seipsam

231 1018 538 1075 adstringitur,
565 1030 833 1075 opponatur.
854 1016 1088 1075 Impedire,
1108 1032 1162 1059 ne
1187 1017 1402 1060 auxilium
1427 1017 1510 1060 hoc
1528 1033 1646 1075 prae·

234 1090 400 1146 beatur,
435 1089 548 1133 foret
582 1091 793 1147 iniquitas
828 1102 868 1131 et
903 1090 1134 1131 iniustitia.
1170 1106 1190 1128 «
1230 1089 1336 1145 Qui,
1371 1090 1428 1131 ait
1464 1105 1496 1131 s.
1539 1090 1646 1132 Am-

232 1161 405 1204 brosius
440 1161 527 1218 (2),
563 1176 652 1203 non
689 1161 859 1217 repellit
894 1161 1103 1213 iniuriam
1139 1175 1160 1202 a
1195 1161 1332 1215 socio,
1359 1175 1461 1202 cum
1486 1172 1645 1217 potest,

234 1246 322 1275 tam
358 1245 422 1275 est
455 1233 499 1275 in
533 1233 658 1288 vitio,
693 1248 827 1290 quarn
862 1231 933 1274 ille
968 1232 1044 1288 qui
1079 1229 1193 1273 facit:
1243 1248 1262 1270 »
1291 1246 1312 1272 a
1345 1229 1534 1286 fortiori,
1570 1232 1645 1289 qui

231 1321 320 1347 non
357 1303 493 1347 modo
528 1320 617 1346 non
651 1304 745 1347 vult
790 1306 881 1361 ipse
932 1303 1142 1360 repellere
1192 1318 1214 1344 a
1262 1303 1383 1344 socio
1417 1303 1645 1358 iniuriam,

230 1376 303 1419 sed
339 1378 471 1419 etiam
506 1391 597 1418 non
646 1375 740 1418 vult
794 1375 901 1417 alios
957 1374 1165 1416 iniuriam
1199 1372 1252 1415 ab
1286 1388 1337 1416 eo
1372 1373 1645 1431 propulsare,
1681 1431 1683 1434 ι

230 1463 304 1490 seu
342 1446 527 1505 impedit
563 1462 616 1489 ne
650 1447 735 1501 alii,
769 1447 844 1504 qui
878 1459 1010 1503 opem
1044 1443 1156 1487 ferre
1191 1457 1373 1502 possent
1397 1460 1442 1488 ac
1467 1443 1646 1500 vellent,

234 1520 271 1560 ei
296 1519 578 1562 auxilientur.

321 1602 418 1631 222.
467 1588 713 1631 ScuomoN.
764 1587 893 1630 Circa
927 1587 1238 1645 quaestionem
1288 1586 1400 1629 hanc
1433 1585 1485 1629 de
1519 1587 1639 1629 inter-

228 1661 427 1713 ventione,
462 1660 584 1716 plura
610 1658 665 1701 ob
701 1658 856 1701 oculos
892 1657 1042 1700 haberi
1077 1656 1237 1700 debent
1272 1658 1501 1714 principia,
1531 1672 1644 1714 quo-

230 1748 329 1775 rum
364 1732 508 1790 aliqua
542 1730 859 1774 tantummodo
908 1731 1138 1787 perpaucis
1183 1728 1518 1772 enuntiabimus
1555 1728 1643 1786 (3).

349 1804 379 1846 I.
417 1803 556 1854 Natio,
585 1817 683 1859 quac
703 1801 1100 1859 auxiliumpraebet,
1129 1816 1207 1844 non
1227 1800 1338 1843 habet
1351 1815 1473 1857 neque
1490 1799 1663 1842 exercet

230 1876 504 1917 aza-toritatem
539 1876 578 1917 in
613 1875 830 1927 nationem,
874 1875 940 1915 cui
986 1872 1218 1929 opitulatur.
1255 1898 1306 1903 —-
1358 1870 1641 1914 Praedictum

231 1947 347 1988 enim
383 1945 598 1988 auxilium
634 1960 723 1987 non
759 1956 824 1986 est
858 1945 943 1987 nisi
977 1942 1174 1986 officium
1225 1942 1556 1985 benevolentiae
1602 1953 1643 1985 et

232 2017 536 2060 humanitatis,

349 2088 401 2130 II.
439 2088 535 2130 Non
570 2087 655 2130 licet
687 2089 730 2130 vi
763 2096 794 2130 et
827 2088 956 2130 armis
991 2088 1236 2130 intervenire
1279 2088 1446 2143 negotiis
1480 2086 1645 2129 alterius

230 2161 421 2215 nationis,
476 2160 558 2202 nisi
590 2159 764 2216 legitima
800 2158 907 2201 illius
942 2160 1118 2202 nationis
1173 2159 1391 2201 auctoritas
1434 2157 1551 2200 talem
1576 2152 1644 2200 'in-

327 2322 383 2365 (¹)
400 2322 501 2368 ‘Vide
528 2321 600 2355 vol,
627 2322 668 2355 ΙΙ.
696 2333 776 2366 pag.
807 2332 894 2367 3595
923 2320 965 2355 cf.
995 2320 1102 2355 etiam
1128 2332 1208 2366 pag.
1236 2320 1290 2365 87.
1311 2319 1471 2353 eiusdem
1484 2317 1555 2352 vol.
1571 2318 1612 2352 11.

326 2380 383 2423 (2)
410 2380 464 2413 De
493 2379 552 2413 off.
581 2381 605 2413 I.
636 2379 688 2424 36.
709 2381 744 2413 in
770 2381 881 2425 princ.

328 2438 379 2483 (3)
407 2439 460 2472 De
488 2438 543 2472 his
572 2438 613 2473 cs.
642 2439 755 2482 Iouin,
785 2439 887 2473 elem.
915 2438 999 2484 phil.
1026 2450 1127 2481 moin,
1156 2439 1247 2472 circa
1274 2437 1333 2471 fin.
