1705 2787
658 86 919 143 —335-

79 205 230 235 turum
254 207 276 234 a
299 190 449 234 labore
474 204 516 235 et
539 193 818 250 confusione,
837 210 884 237 ac
903 196 1118 238 servitute
1138 193 1261 247 dura,
1283 208 1370 251 qua
1393 203 1494 234 ante

77 262 300 305 servierat:
320 273 362 304 et
385 277 461 319 per
487 263 871 307 Exech.XXXIV.
903 278 968 307 10.
996 264 1114 307 dicit:
1139 262 1341 306 Liberabo
1360 276 1495 303 meum

77 348 237 392 gregem
271 333 316 376 de
350 348 418 376 ore
442 349 595 392 eorzmz,
619 336 785 379 scilicet
825 350 1073 394 pastorum,
1098 337 1174 394 qui
1209 346 1395 393 pascunt
1433 349 1499 376 se-

78 405 212 462 ipsos
228 403 312 447 Sed
331 416 379 447 ut
393 403 478 447 hoc
494 404 763 449 beneficium
784 407 977 465 populus
1001 423 1023 449 a
1046 408 1142 450 Deo
1168 406 1382 463 consequi
1407 419 1498 446 me-

78 488 239 532 reatur,
273 474 403 518 debet
426 492 447 519 a
473 479 662 533 peccatis
687 494 871 522 cessare:
893 480 994 537 quia
1019 480 1064 521 in
1092 478 1308 521 ultionem
1334 476 1500 533 peccati

77 547 225 591 divina
258 549 554 605 permissione
588 551 713 606 impii
738 552 959 608 accipiunt
984 551 1298 607 principatum,
1324 547 1497 591 dicente

78 620 278 663 Domino
327 635 403 676 per
438 619 606 664 Oseam
640 622 757 664 XIII.
799 636 878 665 11.:
915 621 1034 665 Dalm
1088 621 1159 664 tihi
1192 636 1324 677 regem
1358 620 1400 662 in
1427 619 1500 677 fti-

78 708 171 736 rore
199 708 299 745 meo,
337 705 379 736 et
413 694 458 736 in
482 692 574 736 Iob.
610 694 818 737 XXXIV.
856 709 924 750 30.
960 694 1135 749 dicitur,
1170 692 1290 751 quod
1324 706 1497 749 regnare

70 763 178 821 facit
208 763 411 807 hominem
443 763 692 822 hypocritam
718 773 882 822 propter
910 773 1075 822 peccata
1101 763 1256 822 populi.
1282 762 1503 806 Tollenda

80 847 145 878 est
171 836 315 892 vigitur
355 835 496 892 culpa,
532 848 581 879 ut
615 849 755 878 cesset
790 848 1087 893 tyrannorum
1122 836 1260 893 plaga.
1302 852 1322 875 ³)

203 906 391 950 Thesim
412 906 524 949 hanc
544 906 786 961 absolvam,
806 907 936 950 verba
956 906 1158 950 addendo
1184 906 1346 949 Leonis
1370 904 1504 960 XIII,

83 992 135 1021 ex
169 979 294 1035 epist.
330 994 440 1034 enc.,
484 979 608 1034 Quod
642 978 862 1036 Apostolici
886 979 1093 1020 muneris:
1121 996 1140 1017 ((
1168 978 1212 1020 Si
1236 975 1505 1034 quandoque

86 1051 318 1107 contingat
336 1062 503 1093 temere
527 1062 568 1092 et
592 1050 706 1093 ultra
731 1050 917 1092 modum
937 1048 1161 1106 publicam
1184 1064 1205 1091 a
1225 1045 1506 1104 Principibus

86 1133 355 1178 potestatem
390 1122 598 1177 exerceri,
624 1120 865 1163 catholicae
890 1121 1109 1163 Ecclesiae
1135 1119 1336 1162 doctrina
1360 1119 1406 1160 in
1431 1132 1506 1159 eos

84 1192 333 1249 insurgere,
366 1193 549 1250 proprio
584 1204 724 1235 marte
758 1208 849 1234 non
899 1193 1019 1247 sinit,
1069 1207 1123 1233 ne
1172 1190 1340 1233 ordinis
1389 1202 1507 1232 tran-

88 1261 283 1319 quillitas
318 1263 458 1319 magis
494 1263 725 1320 magisque
760 1262 982 1317 turbetur,
1017 1277 1125 1303 neve
1151 1263 1338 1303 societas
1364 1260 1506 1302 maius

85 1331 242 1375 exinde
277 1332 599 1376 detrimentum
635 1334 789 1390 capiat.
826 1333 1034 1390 Cumque
1069 1348 1134 1374 res
1171 1348 1222 1374 eo
1267 1330 1507 1385 devenerit,

86 1416 135 1446 ut
168 1404 290 1447 nulla
323 1405 406 1447 alia
439 1420 537 1462 spes
589 1405 744 1447 salutis
795 1404 1015 1460 affulgeat,
1066 1403 1193 1446 docet
1242 1402 1507 1445 christianae

86 1476 323 1532 patientiae
357 1477 543 1531 meritis,
580 1488 621 1518 et
656 1474 926 1518 instantibus
952 1474 1003 1517 ad
1038 1476 1187 1517 Deum
1212 1472 1415 1531 precibus
1441 1487 1506 1514 re-

86 1546 288 1590 medium
323 1563 417 1589 esse
452 1546 786 1591 maturandum.
833 1546 972 1600 Quod
1020 1547 1056 1588 si
1105 1546 1412 1601 legislatorum
1461 1557 1509 1584 ac

87 1619 341 1676 principum
375 1618 533 1676 placita
557 1619 723 1676 aliquid
748 1618 1016 1661 sanciverint
1041 1629 1115 1659 aut
1141 1617 1367 1671 iusserint,
1387 1612 1508 1671 quod

87 1689 259 1734 divinae
293 1703 368 1734 aut
403 1691 593 1734 naturali
630 1692 714 1748 legi
750 1703 983 1748 repugnet,
1034 1690 1262 1732 christiani
1312 1686 1509 1730 nominis

89 1762 280 1819 dignitas
315 1776 357 1806 et
390 1763 590 1807 officium
623 1776 755 1821 atque
791 1762 1033 1820 apostolica
1068 1761 1287 1803 sententia
1307 1758 1510 1813 suadent,

89 1833 391 1878 obediendum
425 1850 518 1877 esse
554 1836 695 1891 magis
730 1836 826 1877 Deo
862 1849 995 1891 quam
1032 1831 1306 1875 hominibus.
1330 1848 1349 1870 ›>
1377 1831 1509 1872 Hisce

88 1905 249 1963 verbis,
285 1919 332 1949 ut
365 1919 498 1964 patet,
533 1905 812 1963 prohibetur,
848 1921 901 1947 ne
937 1905 1035 1962 quis
1071 1904 1253 1961 proprio
1290 1913 1430 1944 marte
1463 1901 1509 1943 in

90 1990 304 2035 tyrannos
339 1980 556 2036 insurgat,
590 1979 788 2035 itemque
824 1993 877 2018 ne
912 1975 1019 2033 quid
1053 1975 1142 2031 fiat,
1178 1991 1229 2016 ex
1253 1989 1343 2031 quo
1368 1972 1509 2014 maior

92 2049 261 2093 ordinis
296 2048 572 2107 perturbatio
606 2060 869 2105 sequeretur
894 2059 968 2089 aut
995 2047 1138 2088 maius
1163 2044 1364 2087 societati
1389 2042 1511 2086 dam-

94 2136 204 2164 num
238 2121 466 2165 adveniret
500 2120 588 2179 (1).
635 2118 1026 2162 Commendantur
1061 2130 1210 2159 autem
1245 2115 1510 2158 christianae

88 2182 274 2235 virtutes
311 2205 352 2236 et
386 2193 647 2250 praesertim
681 2190 825 2233 debita
861 2188 1135 2247 principibus
1161 2189 1293 2230 etiam
1319 2185 1510 2243 dyscolis

162 2340 208 2383 (1)
223 2340 301 2374 Hoc
318 2352 404 2376 sane
419 2341 539 2376 multis
555 2342 591 2375 in
610 2340 891 2387 quaestionilnis‚
913 2340 953 2373 ad
975 2351 1033 2374 eas
1053 2349 1147 2373 recte
1168 2338 1371 2380 solvendas,
1389 2336 1512 2371 haberi

92 2398 137 2432 ob
165 2400 290 2435 oculos
318 2402 434 2444 debet,
463 2403 642 2443 nimirum,
672 2413 849 2447 quaenam
878 2400 1127 2434 communitati
1156 2399 1316 2433 oriantur
1343 2397 1447 2440 mala,
1468 2409 1512 2431 an

91 2460 254 2502 graviora
282 2460 334 2503 iis,
363 2461 405 2494 de
434 2461 559 2505 quibus
588 2460 824 2505 impediendis
854 2458 908 2492 vel
938 2458 1142 2503 reparandis
1173 2458 1296 2501 agitur.
