1705 2787
92 229 211 260 tutae
235 228 341 259 sunt
364 227 496 273 atque
522 215 679 259 iisdem
713 215 920 272 inflictae,
946 215 1079 273 idque
1103 230 1277 272 semper
1303 214 1507 257 habitum

95 301 159 331 est
203 299 433 345 tamquam
481 287 734 344 legitimum
775 288 1037 330 exercitium
1071 288 1196 342 iuriS,
1231 301 1321 344 quo
1362 301 1513 342 reapse

95 360 232 417 pollet
255 374 463 416 suprema
486 360 624 402 civilis
649 361 902 402 auctoritas,
929 358 1067 412 Quod
1096 356 1516 411 calumniatoribus,

97 430 281 485 furibus,
316 429 552 474 homicidis
587 432 728 474 iustae
762 432 1018 488 irrogentur
1053 445 1235 487 poenae,
1269 428 1516 487 approbant

97 518 269 545 omnes,
289 502 459 545 Contra
478 518 583 545 vero
603 504 795 546 maxime
815 519 972 546 omnes
992 502 1298 559 indignantur,
1321 503 1356 544 si
1381 516 1515 558 quem

95 573 271 617 videant
306 573 636 617 malefactorem
685 591 838 618 secure
890 574 1047 618 urbem
1083 586 1435 631 percursantem,
1470 587 1517 614 ac

96 644 293 688 fructum
326 645 695 703 voluptatemque
730 662 781 689 ex
814 648 906 689 suis
926 644 1190 688 criminibus
1215 644 1394 702 pacifice
1420 659 1515 700 per-

98 718 351 774 cipientem.
387 717 431 760 Si
464 716 507 760 id
540 719 786 775 contingat,
821 733 872 760 eo
908 716 1175 775 quandoque
1206 715 1378 773 publica
1401 713 1517 757 indi-

100 789 252 845 gnatio
287 789 501 845 procedit,
537 801 586 832 ut
630 791 823 846 populus
859 791 967 846 ipse,
1002 787 1294 845 vituperando
1329 802 1432 828 sane
1475 798 1517 827 et

98 874 281 916 prorsus
316 860 485 902 iniusto
520 875 649 909 ausu,
683 860 735 903 ad
770 876 843 903 eos
879 859 1130 917 puniendos
1166 870 1442 916 prorumpat.

196 930 290 973 188.
326 930 570 974 SCHomoN.
605 931 718 974 Tres
754 933 1053 989 quaestiones,
1073 947 1184 989 quae
1209 947 1309 973 cum
1335 931 1518 972 veritate

98 1004 143 1045 in
178 1003 257 1045 hac
292 1002 407 1046 thesi
442 1002 747 1046 demonstrata
783 1016 1131 1048 connectuntur,
1169 1002 1357 1045 breviter
1393 1017 1519 1058 expe—

99 1074 286 1118 diemus.

189 1147 221 1189 Ι.
257 1147 427 1199 Quaeri
454 1148 592 1204 primo
628 1159 788 1204 potest:
824 1163 875 1190 ex
898 1146 1060 1205 quibus
1086 1147 1311 1204 quantitas
1339 1158 1380 1188 et
1419 1159 1523 1202 qua-

38 1221 46 1225 ’
99 1218 195 1261 litas
230 1234 400 1275 poenae
444 1220 532 1262 sint
582 1219 965 1263 determinandae?
1001 1246 1052 1250 -
1094 1220 1226 1262 Recte
1282 1216 1521 1274 respondet

102 1290 356 1347 Tongiorgi
390 1288 477 1348 (Ι),
512 1306 679 1347 poenae
703 1294 960 1348 quantitatem
987 1307 1038 1333 ex
1072 1291 1271 1333 criminis
1295 1290 1523 1346 gravitate,

100 1361 328 1419 qualitatem
362 1378 467 1405 vero
502 1378 553 1405 ex
586 1362 884 1422 delinquentis
920 1363 1177 1405 conditione
1212 1374 1253 1403 et
1303 1360 1522 1403 adiunctis

99 1432 486 1476 determinandam
523 1449 630 1477 esse.

161 1505 306 1548 Huius
341 1507 599 1549 assertionis
635 1508 755 1564 prior
792 1522 889 1564 pars
925 1519 1041 1564 patet
1076 1524 1126 1548 ex
1176 1507 1363 1548 notione
1399 1504 1523 1546 iusti-

100 1578 198 1619 tiae.
232 1577 292 1620 Ut
326 1592 466 1634 poena
501 1579 557 1620 sit
592 1579 721 1634 iusta,
746 1577 875 1622 debet
900 1591 998 1634 apte
1024 1576 1292 1634 respondere
1318 1592 1393 1618 seu
1431 1590 1524 1617 esse

101 1649 438 1706 proportionata
471 1651 675 1705 gravitati
710 1651 923 1692 criminis.
955 1651 999 1691 Si
1025 1649 1135 1691 lianc
1161 1649 1356 1703 excedat,
1381 1662 1521 1705 poena

101 1718 262 1762 dicitur
287 1720 465 1762 iniusta:
491 1719 653 1763 dicitur
687 1734 838 1763 autem
863 1736 1005 1777 poena
1040 1719 1350 1777 inadaequata,
1385 1719 1420 1759 si
1455 1718 1519 1759 ni-

102 1792 184 1833 mis
209 1792 265 1834 sit
299 1792 512 1848 gravitate
537 1792 735 1835 criminis
760 1791 957 1834 inferior.
981 1818 1032 1822 —
1060 1792 1201 1833 Porro
1226 1790 1416 1847 gravitas
1444 1789 1524 1830 cri-

102 1863 234 1904 minis
260 1875 325 1905 est
349 1861 524 1920 duplex,
549 1863 683 1906 altera
716 1864 899 1922 specifica
939 1879 1049 1920 quae
1096 1878 1145 1905 ex
1185 1874 1307 1904 actus
1349 1860 1524 1903 obiecto

101 1946 143 1976 et
176 1933 394 1977 adiunctis
428 1933 693 1991 desumitur,
727 1935 861 1978 altera
898 1934 1106 1991 integralis
1133 1949 1243 1991 quae
1268 1932 1319 1975 ad
1345 1947 1524 1974 exsecu-

101 2005 270 2048 tionem
305 2005 507 2050 refertur.
544 2008 666 2049 Licet
700 2008 820 2049 enim
855 2006 1067 2049 delictum
1096 2007 1151 2047 sit
1179 2006 1223 2047 in
1251 2006 1342 2061 ipsa
1366 2004 1525 2046 volun-

102 2089 201 2132 tate,
236 2090 382 2135 potest
416 2091 566 2121 tamen
604 2078 709 2120 haec
745 2093 873 2135 prava
910 2077 1117 2119 voluntas
1153 2076 1250 2118 solo
1269 2076 1406 2118 animi
1427 2089 1525 2131 pro-

103 2149 249 2206 posito
283 2150 516 2192 contineri:
553 2161 700 2206 potest
732 2150 864 2191 etiam
900 2146 1043 2190 verbis
1079 2147 1229 2190 aliisve
1265 2146 1403 2202 signis
1430 2160 1520 2186 ma-

104 2219 315 2264 nifestari:
351 2234 497 2279 potest
531 2233 760 2278 praeterea
793 2221 1127 2262 exsecutionem
1163 2218 1368 2275 aggredi:
1405 2233 1523 2260 exse-

103 2292 222 2335 cutio
257 2293 437 2350 insuper
482 2296 628 2349 potest
662 2291 816 2334 effectu
852 2306 1013 2346 carere,
1062 2290 1132 2333 vel
1165 2305 1354 2346 pravum
1389 2288 1525 2330 animi

179 2526 225 2564 (1)
253 2523 331 2558 Eth.
360 2535 457 2558 num.
476 2535 554 2566 490.
