1705 2787
87 140 256 183 litatem
289 140 610 197 proportionis,
645 139 890 196 percipiant
923 136 1106 180 fructus,
1134 136 1334 191 Essetne,
1369 149 1506 191 quae-

89 221 208 266 runt,
253 209 323 252 hic
347 208 507 266 agendi
541 208 702 253 modus
736 208 955 251 illicitus?

175 281 220 324 Si
253 282 321 324 ius
371 293 557 324 naturae
607 280 837 323 dumtaxat
886 279 1212 335 consideretur,
1262 274 1509 321 iiliusmodi

87 365 344 397 contractus
378 354 602 395 societatis
639 367 729 394 non
764 351 937 395 videtur
963 368 1056 394 esse
1080 353 1167 395 iuri
1192 349 1383 393 naturali
1407 363 1512 390 con-

87 427 263 469 trarius.
297 424 412 468 Illud
447 437 564 467 certe
599 437 663 467 est
689 424 1153 479 animadvertendum,
1179 423 1300 481 quod
1325 420 1509 478 opifices

87 513 179 540 non
214 509 402 555 possunt
437 511 594 553 cogere
620 496 882 553 capitalistas
908 495 1075 553 (neque
1100 496 1207 537 aiios
1243 494 1376 536 etiam
1412 506 1513 548 ope-

89 569 252 628 rarios)
286 568 338 612 ad
357 567 606 611 ineundum
627 579 908 610 contractum
943 568 1166 610 societatis
1193 566 1358 623 potius⁷
1378 578 1513 621 quam

87 652 371 684 contractum
394 639 629 683 locationis
654 655 813 696 operae
838 651 879 681 et
914 638 1102 681 laboris:
1129 634 1512 695 quemadmodum

88 728 142 755 ne
176 712 444 770 capitalistae
469 710 650 769 quidem
675 724 863 768 possunt
897 725 1055 767 cogere
1081 710 1306 767 operarios
1333 707 1384 750 ad
1410 722 1513 749 con-

88 796 281 827 tractum
315 784 549 827 locationis
595 784 761 840 potiuS,
801 798 934 840 quam
970 794 1255 824 contractum
1289 779 1512 822 societatis

88 856 352 900 ineundum.
378 858 464 901 Res
490 856 674 899 nonnisi
699 871 749 898 ex
773 867 930 897 mutua
966 855 1202 911 utriusque
1238 852 1373 909 partis
1409 866 1514 893 con-

86 929 296 971 ventione
320 929 470 985 peragi
505 939 665 985 potest.
702 954 754 958 —
791 928 856 970 De
885 926 952 968 his
975 927 1018 968 in
1045 925 1311 968 oeconomia
1335 923 1514 981 politica

88 998 187 1043 data
220 1015 354 1058 opera
388 1000 550 1056 agitur.

615 1240 765 1270 THESIS
801 1239 982 1268 LXXXIII.

90 1370 121 1414 Ι.
156 1369 276 1413 Falso
309 1384 354 1413 ac
382 1369 610 1427 perniciose
659 1369 874 1424 asseritur,
923 1382 973 1409 ex
1009 1366 1089 1423 lege
1135 1366 1351 1408 dumtaxat
1400 1363 1513 1408 civili

210 1443 425 1485 dimanare
459 1456 504 1484 ac
532 1441 709 1499 pendere
743 1442 839 1483 inm
883 1439 1022 1481 omnia
1063 1445 1282 1495 parentum
1317 1437 1359 1479 in
1383 1435 1511 1494 filios,

206 1529 297 1557 cum
323 1515 474 1572 primis
507 1528 604 1556 vero
649 1515 712 1556 ius
757 1512 1021 1555 institutionis
1072 1509 1398 1565 educationis-que
1443 1522 1512 1550 czt-

207 1583 378 1627 randae.
412 1584 466 1627 II.
502 1585 589 1626 Hoc
625 1585 732 1626 enim
767 1585 829 1626 ins
856 1591 909 1625 est
942 1597 1035 1625 vere
1059 1584 1290 1638 acproprz‘e
1311 1578 1511 1622 naturale:

209 1656 313 1714 quod
339 1656 515 1714 proinde
541 1657 732 1713 princeps
768 1654 916 1711 civilis,
940 1671 1019 1697 nou
1046 1655 1127 1696 iam
1143 1661 1269 1710 potest
1293 1651 1370 1694 sibi
1394 1666 1516 1693 usur-

202 1737 321 1786 pare,
358 1728 428 1771 sed
461 1728 569 1771 dehet
601 1728 945 1784 tzie1·i‚1zalin·varc
980 1735 1011 1768 ct
1044 1725 1097 1769 acl
1131 1738 1343 1768 commune
1367 1722 1517 1766 honum

210 1799 467 1843 coordinare.

184 1943 282 1984 206.
317 1941 696 1985 DEMONSTRATIO.
747 1941 807 1983 Ut
851 1940 1082 1996 perspicue
1131 1950 1249 1996 patet
1283 1954 1334 1980 ex
1367 1952 1515 1980 enun-

69 2013 285 2058 ,ciatione
319 2012 513 2070 theseos,
548 2011 660 2056 duae
694 2025 800 2055 sunt
835 2013 927 2053 eius
965 2023 1121 2068 partes.

211 2085 242 2127 Ι.
277 2084 390 2128 Sunt
423 2098 642 2142 auctores,
678 2085 753 2141 qui
789 2083 892 2125 huic
927 2082 1194 2125 adhaereant
1235 2094 1276 2124 et
1325 2080 1516 2124 subscri-

95 2154 198 2198 bant
247 2157 568 2214 propositioni:
619 2174 637 2196 «
692 2156 888 2197 Societas
938 2154 1181 2197 domestica
1225 2170 1301 2196 seu
1353 2152 1519 2194 familia

94 2239 235 2270 totam
269 2243 373 2270 suae
408 2229 668 2271 existentiae
705 2228 925 2269 rationem
960 2243 980 2268 a
1017 2227 1111 2269 iure
1147 2225 1376 2268 dumtaxat
1401 2224 1517 2267 civili

95 2311 354 2343 mutuatur:
391 2300 667 2358 proindeque
693 2316 742 2341 ex
770 2300 863 2356 lege
887 2299 1118 2342 dumtaxat
1143 2299 1259 2341 civili
1288 2297 1518 2340 dimanant

96 2387 142 2414 ac
177 2371 371 2429 pendent
406 2373 500 2415 iura
536 2373 687 2414 omnia
722 2384 957 2427 parentum
995 2372 1036 2413 in
1074 2370 1205 2426 filios,
1240 2386 1341 2412 cum
1363 2370 1517 2427 primis
