1705 2787
675 76 935 122 ...172OE

92 166 319 214 individua
351 181 456 212 sunt
489 168 742 213 subiectum
776 170 1090 217 immediatum
1138 169 1342 228 familiae,
1391 169 1510 228 ipsae

90 256 196 285 vero
229 239 418 283 familiae
451 252 557 283 sunt
590 240 844 284 subiectum
877 241 1191 285 immediatum
1225 243 1429 285 civitatis,

207 312 248 372 c)
282 313 332 354 In
357 312 577 370 sententia
611 312 966 356 adversariorum
1006 313 1087 356 hoc
1123 313 1303 357 tandem
1328 312 1509 356 habere—

84 399 200 440 mus,
235 383 493 425 societatem
528 383 702 425 civilem
751 399 846 426 esse
901 383 1255 427 destructionem
1304 383 1506 428 familiae:

89 456 276 498 societas
311 455 447 510 enim,
481 469 592 511 quae
626 455 806 498 alterius
840 456 1063 498 societatis
1114 455 1314 498 membra
1364 455 1508 499 reddit

90 541 112 568 a
146 541 191 567 se
225 523 481 567 immediate
506 524 815 581 dependentia,
842 525 951 568 hanc
976 525 1182 568 absorbet
1207 541 1283 569 seu
1310 526 1512 569 destruit.

91 596 229 653 Atqui
263 594 305 638 id
342 595 496 652 nequit
531 593 722 639 admitti.
764 595 985 638 Probatur
1021 598 1170 639 minor.
1205 597 1326 639 Tum
1353 596 1515 639 familia

86 679 183 710 tum
217 667 368 709 civitas
403 677 507 708 sunt
541 666 774 708 societates
810 667 1046 722 naturales,
1097 683 1199 710 cum
1249 667 1415 725 duplici
1449 681 1510 711 ta-

85 753 188 781 men
222 736 481 781 differentia:
524 736 689 780 familia
727 750 792 780 est
826 740 967 795 magis
1013 740 1224 781 naturalis
1260 755 1307 782 ac
1362 755 1511 782 neces-

85 810 196 852 saria
244 824 378 867 quam
422 809 604 852 civitas:
662 808 826 851 familia
880 822 944 852 est
994 810 1250 867 imperfecta
1302 824 1505 869 respectu

88 882 292 937 civitatis,
341 896 453 939 quae
502 896 523 922 e
559 896 779 923 converso
827 894 891 923 est
926 881 1116 938 perfecta
1171 898 1247 925 seu
1293 884 1513 940 eompleta

88 965 291 1010 respectu
312 951 517 995 familiae.
539 953 655 995 Hinc
683 965 835 995 autem
855 955 987 996 minor
1009 956 1248 1010 praemissa
1264 967 1410 1011 potest
1434 955 1511 998 du—

87 1025 190 1082 plici
225 1036 494 1081 argumento
529 1023 844 1067 demonstrari.
891 1051 943 1055 —
992 1026 1070 1084 ΙΝ)
1105 1026 1304 1083 Utraque
1343 1038 1407 1069 est
1441 1042 1512 1070 so-

85 1097 216 1139 cietas
251 1095 469 1151 naturalis,
518 1097 544 1138 i.
581 1112 616 1138 e.
651 1112 674 1138 a
722 1098 818 1139 Deo
853 1109 1035 1139 naturae
1070 1110 1250 1140 auctore
1286 1099 1419 1141 volita
1465 1111 1507 1141 et

86 1169 304 1212 instituta:
326 1184 432 1225 ergo
462 1184 547 1211 una
571 1170 726 1226 nequit
751 1185 844 1211 esse
879 1169 1122 1212 destructio
1157 1171 1351 1214 alteriuS.
1386 1173 1508 1216 Neu-

87 1252 153 1283 tra
174 1239 360 1298 quidem
387 1252 534 1297 potest
554 1240 768 1283 desinere:
795 1242 830 1283 si
854 1257 938 1298 qua
963 1254 1111 1283 tamen
1125 1254 1274 1298 posset
1295 1242 1510 1301 desinere,

87 1326 135 1353 ea
168 1326 259 1354 non
294 1310 409 1354 foret
443 1310 622 1368 familia,
656 1313 819 1370 quippe
852 1328 963 1370 quae
1000 1325 1064 1355 est
1098 1314 1237 1369 magis
1263 1313 1405 1357 adhuc
1434 1332 1510 1358 na-

87 1381 240 1424 turalis
275 1396 322 1423 ac
359 1383 618 1438 necessaria,
653 1397 786 1439 quam
822 1383 986 1426 civitas.
1012 1383 1163 1439 Itaque
1189 1382 1351 1425 familia
1376 1384 1506 1429 debet

86 1467 352 1509 permanere
377 1467 478 1494 cum
504 1468 580 1494 sua
607 1454 783 1509 propria
807 1454 1069 1495 auctoritate
1090 1453 1308 1496 residente
1330 1456 1369 1496 in
1399 1457 1508 1513 viro,

86 1539 190 1567 cum
226 1523 427 1567 libertate
462 1526 640 1582 propria
659 1525 803 1582 quoad
824 1526 1044 1567 internam
1073 1526 1506 1574 atiministi-ationem

91 1608 133 1638 et
163 1596 428 1638 exercitium
464 1597 630 1638 iurium
666 1597 703 1638 ei
738 1597 1111 1639 connaturalium.
1149 1601 1506 1657 -2.⁴')l²211nili21

95 1679 161 1710 est
196 1667 428 1725 imperjt’cta
476 1680 678 1724 respectu
728 1669 931 1723 civitatis,
980 1684 1090 1725 quae
1126 1687 1146 1710 e
1181 1685 1395 1715 converso
1445 1686 1509 1716 est

88 1739 270 1797 perfecta
304 1751 505 1796 respectu
541 1739 744 1782 familiae:
781 1755 886 1796 ergo
922 1741 1072 1782 civitas
1127 1741 1255 1785 debet
1298 1742 1509 1787 familiam

90 1808 302 1867 perficere
337 1825 413 1852 seu
448 1810 685 1867 complere.
736 1811 852 1865 Dixi,
899 1810 1101 1867 perflare,
1135 1812 1341 1869 solnplcrcz
1392 1814 1509 1857 aliud

93 1896 198 1923 sane
232 1893 296 1924 est
330 1880 649 1938 perfectionem
699 1894 830 1938 atque
880 1882 1262 1937 complementum
1298 1885 1506 1941 praebere

86 1967 300 2009 personae
334 1966 409 1995 aut
443 1954 534 1995 enti
568 1953 697 1995 alicui
733 1952 991 2008 imperfecto
1017 1965 1057 1994 et
1078 1954 1366 2012 incompleto7
1386 1957 1505 2000 aliud

86 2025 124 2066 ei
159 2023 511 2066 destructionem
545 2025 710 2066 afferre.
748 2026 898 2067 Restat
935 2026 1314 2078 igiturcix'iiatem
1341 2028 1500 2070 habere

84 2094 297 2138 directam
331 2098 553 2139 actionem
589 2098 631 2138 in
667 2096 877 2138 familiam
914 2113 997 2152 qua
1034 2098 1180 2151 taient,
1216 2100 1241 2140 i.
1278 2116 1312 2141 e.
1348 2101 1391 2141 in
1428 2116 1499 2157 pa-

84 2168 388 2212 tremfamilias
423 2171 498 2227 qui
534 2185 625 2211 eam
667 2171 847 2211 iuridice
874 2183 1186 2225 repraesentat,
1211 2184 1251 2212 et
1277 2187 1352 2227 per
1378 2172 1495 2214 hunc

85 2240 131 2282 in
166 2255 339 2297 omnes,
373 2243 450 2298 qui
485 2240 755 2283 domesticos
792 2242 905 2281 intra
940 2242 1127 2297 parietes
1162 2241 1212 2284 ab
1249 2245 1341 2285 eius
1376 2257 1500 2300 pote-

87 2325 197 2355 state
232 2313 498 2371 dependent.
535 2315 610 2356 Est
637 2315 770 2369 igitur
796 2315 981 2356 societas
1007 2316 1268 2371 composita:
1295 2328 1359 2358 est
1383 2332 1501 2359 asso-

89 2385 220 2428 ciatio
254 2383 542 2427 familiarum.

206 2455 254 2514 d)
289 2457 469 2498 Familia
505 2472 549 2498 se
585 2456 712 2499 habet
749 2456 798 2500 :id
826 2449 1063 2514 civitam-in,
1091 2473 1137 2502 ut
1163 2460 1282 2502 radix
1307 2461 1357 2504 :id
1384 2462 1505 2519 plan*
