1705 2787
201 194 363 234 unitatis
395 204 432 234 et
467 191 621 234 ordinis
652 190 826 239 socialis,
860 206 931 232 seu
953 189 1157 231 societatis
1180 190 1294 246 quasi
1317 190 1466 232 anima.
1491 190 1622 247 Atqui

198 277 238 305 ut
273 264 361 305 talis
393 264 456 313 sit,
492 261 609 306 dsbet
642 260 789 318 triplici
823 261 904 303 hoc
936 259 1092 316 pollere
1125 261 1224 313 iure,
1260 261 1283 303 i.
1318 276 1353 303 e.
1398 261 1482 304 iure
1524 261 1622 318 leges

192 335 371 391 serendi,
405 333 621 381 iudicandi,
655 332 817 387 cogendi
847 348 917 374 seu
949 330 1196 387 exsequendi.
1230 332 1296 374 Ius
1324 331 1434 388 leges
1466 331 1625 375 ferendi

199 402 257 448 es't
292 407 349 447 ius
382 404 654 461 proponemli,
689 416 727 446 et
760 403 928 460 quidem
960 401 1093 446 modo
1127 401 1393 458 obligatorio,
1415 402 1551 447 media
1573 402 1624 446 ad

198 476 324 519 linem
355 476 550 518 socialem
582 475 866 518 conducentia.
900 475 965 517 Ius
999 473 1204 517 iudicandi
1237 473 1320 517 duo
1353 475 1619 530 potissimum

193 549 493 605 complectitur,
528 563 674 603 nempe
708 548 767 589 ius
802 546 1005 589 iudicandi
1039 546 1090 589 de
1123 546 1308 601 genuino
1341 545 1484 602 legum
1518 545 1623 588 lata-

197 635 289 662 rum
317 636 449 671 sensu,
473 632 512 661 et
537 621 595 661 ius
618 617 822 661 iudicandi
846 617 895 660 de
919 616 1147 660 actionibus
1169 617 1395 669 sociorum,
1421 627 1561 659 utrum
1584 628 1624 658 et

195 707 280 747 quo
315 693 353 733 in
380 690 511 747 gradu
534 692 613 732 sint
636 706 658 732 a
682 688 837 745 legibus
861 688 1087 741 difformes,
1112 687 1179 730 vel
1202 687 1348 731 iisdem
1366 687 1621 730 conformes,

195 764 260 805 Ius
293 762 470 817 cogendi
518 761 600 805 duo
649 762 862 817 praecipue
905 761 1102 812 continet,
1145 774 1296 815 nempe
1340 760 1400 801 ius
1443 758 1622 802 redinte-

193 833 339 889 grandi
373 831 563 874 ordinem
596 830 792 873 socialem
826 829 1027 872 violatum
1060 845 1131 872 seu
1163 827 1359 885 puniendi
1381 829 1625 884 proportio-

199 905 301 946 natis
335 904 478 959 poc-nis
511 902 733 944 violatores
782 900 937 944 ordinis
984 900 1157 952 socialis,
1206 911 1245 942 et
1294 900 1354 941 ius
1402 897 1626 942 adhibendi

198 976 284 1016 vim
317 974 533 1030 physicam
567 972 615 1015 ad
649 973 784 1014 socios
818 983 1034 1014 renuentes
1067 970 1284 1027 cogendos
1315 982 1358 1011 ut
1390 968 1526 1012 officia
1549 984 1622 1012 so-

194 1045 310 1088 cialia
342 1043 550 1100 impleant.
585 1044 721 1085 Porro
746 1043 899 1085 iuribus
921 1043 963 1084 in
986 1053 1187 1098 potestate
1212 1039 1430 1084 ordinante
1454 1055 1622 1096 respon-

194 1116 304 1168 dent,
341 1127 381 1157 ut
413 1127 536 1171 patet,
571 1114 705 1157 officia
739 1130 789 1156 ex
837 1125 949 1170 parte
997 1112 1272 1155 subditorum.
1322 1111 1372 1153 Et
1421 1110 1523 1154 haec
1573 1110 1623 1154 de

193 1187 387 1229 societate
431 1186 695 1242 potissimum
736 1184 916 1241 perfecta
961 1183 1110 1236 valent,
1155 1184 1318 1240 suisque
1362 1181 1463 1224 locis
1504 1192 1622 1224 erunt

195 1257 446 1300 illustranda.

702 1465 1033 1511 ARTICULUS
1066 1465 1116 1509 ΙΙ.

507 1607 564 1644 De
595 1604 775 1644 naturali
804 1604 981 1643 hominis
1011 1603 1306 1643 sociabilitate.

746 1742 890 1770 Ti—ffists
923 1741 1070 1770 xxxtx.

194 1859 412 1901 Hominem
446 1873 519 1900 esse
555 1866 701 1900 mallim
732 1872 805 1899 sita
835 1858 1027 1908 socialem,
1059 1857 1207 1900 veritas
1239 1864 1291 1898 est
1324 1855 1529 1914 multiplici
1571 1870 1618 1898 ex

287 1931 405 1987 capite
441 1930 670 1986 manifesta.

292 2051 305 2078 1
322 2051 382 2091 15.
418 2036 776 2079 DexioxsTRATlo.
812 2037 1016 2078 Homines
1048 2036 1197 2078 vixisse
1219 2050 1381 2091 semper
1404 2046 1444 2077 et
1467 2032 1617 2090 ubique

195 2109 333 2150 vivere
367 2109 408 2149 in
440 2109 632 2150 societate
666 2109 923 2160 coniunctos,
958 2106 1121 2150 factum
1145 2119 1217 2160 est,
1251 2105 1364 2163 quod
1411 2106 1555 2162 negari
1598 2120 1620 2147 a

199 2179 362 2221 nemine
395 2191 541 2235 potest.
576 2179 777 2230 Quaestio
810 2178 1105 2222 tantummodo
1138 2190 1198 2221 est
1230 2177 1281 2222 de
1314 2178 1468 2235 origine
1500 2176 1619 2218 huius

200 2247 306 2301 facti,
342 2262 479 2291 utrum
511 2250 639 2304 repeti
673 2248 712 2291 id
745 2247 889 2291 debeat
922 2264 972 2290 ex
1004 2249 1089 2305 ipsa
1120 2260 1275 2301 natura,
1309 2263 1359 2290 an
1392 2262 1442 2289 ex
1479 2245 1619 2288 homi·

198 2334 298 2361 num
333 2318 623 2362 adinventione
657 2330 696 2361 et
719 2318 846 2361 libero
870 2334 1084 2361 consensu.
1111 2344 1162 2350 -
1186 2319 1376 2361 Iamvero
1400 2317 1618 2360 hominem

196 2405 291 2444 prae
324 2391 466 2432 ceteris
499 2388 740 2431 animalibus
773 2405 858 2431 esse
892 2388 939 2431 ab
974 2390 1057 2445 ipsa
1088 2401 1231 2431 natura
1262 2387 1417 2431 factum
1451 2386 1616 2430 ordina-

194 2472 366 2516 tumque
389 2461 438 2504 ad
461 2460 653 2503 socialem
680 2476 759 2502 una
781 2475 876 2502 cum
899 2459 984 2502 aliis
1008 2461 1136 2502 vitam
1159 2458 1378 2517 agendam,
1402 2456 1619 2514 multiplici
