1705 2787
768 61 1027 116 *178*-

191 165 260 211 vel
293 167 424 209 etiam
470 166 509 209 vi
555 165 713 210 liberae
764 167 998 210 activitatis
1043 168 1244 224 ipsorum
1286 168 1514 213 sociorum
1562 170 1607 214 in

191 236 476 296 particulares
511 249 663 280 coetus
699 239 977 281 coeuntium.

281 309 413 363 Haec,
468 323 578 365 quae
613 310 858 365 generatim
895 308 1009 352 dicta
1042 321 1161 365 sunt,
1195 310 1230 353 si
1263 310 1463 353 societati
1497 310 1607 368 poli-

190 381 298 422 ticae
334 380 625 437 applicentur,
658 380 732 439 I.⁰)
769 380 955 424 habetur
975 382 1019 423 in
1044 396 1091 423 ea
1116 382 1398 438 organismus
1432 382 1605 426 socialis

183 460 256 509 per
292 452 524 509 synthesim,
558 464 776 509 quatenus
811 469 862 496 ex
896 451 1071 496 familiis
1105 465 1261 496 natura
1310 453 1606 497 anterioribus

190 523 346 565 civitas
377 523 469 579 ipsa
503 522 774 566 efformatus.
810 524 956 566 Immo
991 522 1086 566 fieri
1120 536 1265 581 potest
1289 537 1330 567 et
1351 525 1468 567 iuxta
1491 525 1601 568 ordi-

190 595 357 637 narium
391 602 561 636 naturae
588 601 828 651 processum
863 593 926 650 sit,
961 607 1008 637 ut
1044 611 1094 637 ex
1128 593 1304 638 familiis
1353 596 1500 653 primo
1534 611 1605 639 ex-

189 676 373 721 surgant
392 665 475 707 vici
499 677 540 707 et
567 664 714 721 urbes,
733 677 829 708 turn
850 682 956 709 vero
991 682 1041 709 ex
1061 666 1127 709 his
1153 679 1483 724 componantur
1503 683 1603 725 pro-

188 737 369 790 vinciae,
404 751 455 778 ex
489 734 649 793 quibus
685 736 863 780 tandem
898 745 1038 794 slatus,
1073 752 1150 780 seu
1185 739 1371 781 societas
1421 739 1599 796 politica

189 806 268 850 sibi
305 807 492 849 omnino
513 806 735 851 sufficiens
755 820 885 866 atque
921 807 1222 866 independens
1258 811 1494 854 exoriatur.
1529 812 1599 854 In—

189 894 319 936 super
366 878 446 936 2.⁰)
501 879 544 921 in
581 879 757 936 politica
792 881 1001 923 societate
1036 879 1186 923 haberi
1236 894 1382 937 potest
1416 893 1457 925 et
1491 882 1605 925 solet

191 951 475 1007 organismus
509 950 682 993 socialis
725 959 798 1008 per
833 951 1051 1009 analysim,
1085 952 1175 994 sive
1210 954 1251 995 vi
1287 953 1423 1011 ipsius
1458 953 1604 1011 politi—

188 1036 260 1064 cae
295 1021 542 1078 potestatiS,
577 1037 687 1079 quae
722 1022 954 1065 societates
989 1038 1010 1064 a
1046 1038 1090 1065 se
1115 1021 1413 1080 dependentes
1438 1026 1602 1068 consti-

190 1104 298 1147 tuat,
333 1092 423 1134 sive
457 1092 588 1135 etiam
625 1093 663 1134 vi
699 1093 933 1136 activitatis
984 1094 1185 1150 ipsorum
1234 1095 1461 1138 sociorum
1495 1094 1604 1153 (qua

189 1163 409 1206 activitate
443 1164 551 1206 socii
586 1179 677 1206 non
712 1177 817 1207 sunt
851 1164 1090 1223 privandi),
1115 1166 1190 1223 qui
1225 1181 1384 1224 nempe
1409 1167 1599 1224 particu-

191 1233 294 1275 laria
328 1233 565 1276 efformem
615 1235 853 1290 consortia,
903 1246 1008 1292 puta
1057 1235 1108 1278 ad
1158 1248 1287 1292 artes,
1322 1236 1604 1293 industriam,

191 1303 529 1358 commercium,
565 1302 746 1359 litteras,
781 1304 985 1346 scientias
1021 1306 1302 1362 pertinentia.

502 1431 539 1491 ᾗ.
574 1434 647 1476 III.
684 1435 745 1477 De
767 1435 852 1493 fine
906 1436 1101 1478 societatis
1137 1436 1284 1479 civilis.

769 1580 919 1609 Tul-:Sis
955 1581 1055 1610 Lvii.

187 1697 218 1739 Ι.
256 1696 456 1739 Socielcztis
491 1696 625 1739 civilis
653 1698 851 1755 proprius
885 1713 930 1741 ae
958 1699 1181 1755 proximus
1214 1698 1308 1750 finis
1342 1707 1396 1741 est
1434 1708 1603 1743 externa

299 1774 387 1824 pax
423 1776 455 1809 et
481 1768 664 1825 perfecta
694 1769 802 1811 vitae
826 1768 1188 1825 stffcientia,cmn
1219 1783 1264 1811 ea
1291 1768 1489 1826 probitate
1521 1786 1602 1812 mo-

304 1855 411 1891 rum,
448 1854 547 1896 quae
580 1840 634 1882 ad
666 1840 759 1882 haec
795 1838 900 1883 bona
932 1839 1148 1883 obtinenda
1170 1848 1202 1883 et
1226 1840 1280 1883 ad
1303 1842 1602 1885 convenientem

306 1919 475 1954 naturae
507 1911 709 1954 humanae
723 1913 1068 1954 conservationem
1086 1912 1320 1969 requiritur.
1345 1912 1397 1955 ΙΙ.
1430 1912 1602 1957 Ultimus

305 1991 436 2024 autem
484 1982 619 2025 civilis
656 1984 865 2039 consortii,
903 1985 1006 2026 sicut
1039 1991 1071 2025 et
1104 1997 1243 2026 rerum
1276 1984 1473 2036 omnium,
1496 1984 1592 2040 finis

305 2062 358 2095 est
393 2055 504 2096 Dens
539 2055 700 2112 eiusque
733 2053 878 2112 gloria.

279 2197 372 2238 155.
408 2185 781 2228 DfflionsTRATlo.
818 2183 1171 2237 Quaestionibus
1205 2184 1257 2227 de
1291 2185 1447 2241 origine
1475 2200 1523 2228 ac
1546 2184 1598 2228 de

187 2255 369 2309 materia,
404 2256 605 2312 quaestio
639 2254 834 2298 succedit
868 2254 920 2298 de
943 2254 1028 2313 fine
1052 2255 1274 2297 societatis
1300 2254 1451 2298 civilis.
1477 2255 1596 2298 Haec

183 2414 297 2447 genza
322 2402 535 2437 totalmente
575 2405 779 2438 conoscersi
808 2415 826 2438 e
863 2402 1116 2449 agevolmente
1153 2403 1384 2448 provvedersi
1412 2403 1445 2438 di
1485 2403 1597 2450 quelli

185 2463 314 2497 esterni
344 2464 485 2499 sussidii
513 2476 530 2497 a
558 2464 611 2498 cui
639 2463 671 2498 la
701 2465 835 2499 soc-ieta
862 2476 993 2499 uniana
1020 2466 1038 2498 e
1067 2464 1253 2498 destinata.
1283 2478 1297 2495 υ
