1709 2762
697 77 751 82 .-
790 66 812 107 9
850 77 903 81 .-

80 163 295 206 cessariae:
330 161 436 204 hanc
470 173 610 203 autem
641 161 958 217 prosperitatem
1001 176 1072 202 seu
1115 161 1291 217 copiam,
1331 176 1433 217 quae
1466 177 1517 204 ex

81 234 240 277 cultura
281 233 546 275 scientiarum
589 243 629 274 et
670 232 821 273 artium
867 232 1063 288 exsurgit,
1108 230 1301 274 homines
1347 231 1517 275 solitarii

82 316 292 362 nequeunt
339 303 413 346 sibi
462 318 717 359 comparare.
765 303 957 345 Iamvero
1005 302 1113 344 utilis
1160 314 1221 344 est
1252 303 1439 356 societas,
1472 315 1517 346 ut

82 377 273 419 homines
316 374 477 417 valeant
519 373 748 417 illiusmodi
790 374 899 416 bona
940 373 1015 416 sibi
1048 375 1276 430 acquirere:
1312 373 1351 416 id
1389 375 1514 427 enim,

80 447 131 491 ad
163 446 277 504 quod
309 446 479 488 seiuncti
512 446 560 487 ab
595 445 682 487 aliis
715 460 802 487 non
835 460 1055 501 possumus
1088 445 1316 500 pervenire,
1362 443 1518 488 obtine·-

27 518 32 522 ’
81 534 186 571 mus,
229 519 263 560 si
304 528 465 559 nostras
508 517 614 558 vires
657 531 752 558 cum
801 515 979 558 aliorum
1011 514 1164 558 viribus
1198 516 1514 572 coniungamus.

78 590 146 633 Sic
179 587 438 632 securitatem
481 587 529 631 ab
574 589 730 630 iniuriis
763 599 802 630 et
830 589 936 629 vitae
968 588 1283 644 prosperitatem
1322 586 1514 630 homines

79 672 389 718 consequuntur
420 661 547 702 iuncti
584 659 707 701 simul
755 671 794 701 et
838 660 1064 701 consociati
1104 659 1145 700 in
1189 657 1306 701 civile
1350 673 1515 702 consor-

78 734 197 775 tium.
244 758 297 762 -
340 730 446 774 Illud
490 742 698 787 praeterea
741 730 1034 779 animadverte,
1078 729 1221 772 utilem
1264 745 1348 772 esse
1390 731 1515 773 soc-ie-

78 815 207 846 tatem
253 802 303 846 ad.
350 802 419 846 illa
468 803 551 859 ipsa
599 801 707 844 bona
746 801 981 855 obtinenda,
1016 818 1118 859 quae
1161 802 1294 844 homo
1343 801 1390 844 ab
1428 802 1514 845 aliis

79 876 205 917 etiam
236 875 441 917 seiunctus
478 885 615 930 potest
649 874 833 930 assequi:
869 886 927 915 est
965 873 1117 915 scilicet
1163 872 1270 914 utilis
1313 872 1363 915 ad
1405 871 1513 916 bona

81 944 180 987 haec
213 946 338 997 citius,
368 944 549 1001 fizcilins,
578 943 737 1001 plenius
769 959 839 985 seu
865 943 1080 1001 perfectius
1110 941 1344 985 obtinenda.
1373 943 1513 1000 Itaque

79 1017 253 1058 societas
286 1027 345 1057 est
378 1014 542 1057 homini
576 1014 709 1056 utilis:
745 1029 831 1056 non
864 1026 923 1056 est
967 1013 1057 1055 linis
1102 1014 1298 1065 hominis,
1342 1013 1411 1057 sed
1455 1026 1514 1056 est

79 1085 265 1129 medium
298 1084 348 1129 ad
383 1084 509 1127 linem
545 1083 811 1141 debitamque
844 1083 1143 1140 perfectionem
1182 1083 1492 1140 assequendam.

169 1157 218 1200 Π.
250 1157 399 1214 Liquet
431 1155 616 1206 secmzdo,
649 1171 854 1212 quaenam
872 1156 952 1197 sint
974 1156 1193 1197 csscmialia
1224 1155 1411 1197 elementa
1442 1171 1512 1197 seu

78 1228 345 1270 constitutiva
367 1228 585 1270 societatis.
611 1253 663 1257 —
684 1227 787 1269 Sunt
811 1240 1008 1283 quatuor:
1030 1226 1253 1269 multitudo
1272 1227 1510 1280 hominum,

80 1300 253 1341 intentio
288 1300 407 1340 unius
441 1298 709 1355 eiusdemque
742 1297 847 1351 finis,
882 1298 1132 1354 conspiratio
1177 1297 1227 1340 ati
1270 1313 1366 1340 eum
1411 1297 1511 1341 obti-

78 1369 277 1424 nendum,
312 1371 629 1427 proportionata
663 1369 712 1413 de
746 1368 825 1412 line
859 1369 1030 1412 obtento
1053 1370 1310 1426 participatio
1333 1368 1414 1427 (Ι).
1456 1396 1508 1401 ——

77 1441 187 1483 Inter
217 1440 318 1483 haec
341 1453 477 1484 autem
489 1440 587 1499 finis
618 1441 885 1498 praecipuum
918 1452 1026 1483 tenet
1060 1440 1213 1492 locum,
1236 1453 1273 1482 et
1302 1453 1361 1482 est
1391 1440 1504 1494 illud,

78 1512 128 1556 ad
162 1512 275 1570 quod
307 1525 438 1555 cetera
471 1512 659 1566 tendunt,
693 1525 731 1555 et
765 1528 816 1554 ex
849 1527 932 1569 quo
965 1513 1069 1554 ratio
1102 1528 1173 1554 seu
1196 1512 1354 1555 indoles
1377 1513 1504 1556 socie-

74 1581 166 1623 tatis
203 1593 263 1624 θεῖ
295 1581 608 1625 determinanda
640 1580 722 1640 (2).

165 1653 233 1696 ΙΠ.
267 1653 383 1695 Patet
417 1654 546 1704 tertio,
579 1669 748 1695 cinnam
773 1653 947 1695 societas
971 1652 1162 1708 appellari
1186 1652 1314 1695 soleat
1335 1662 1509 1711 persona

76 1725 251 1768 moralis.
287 1753 340 1757 —
373 1725 535 1768 Dicitur
568 1740 747 1782 persona
781 1724 950 1766 moralis
984 1740 1055 1780 per
1088 1724 1322 1780 analogiam
1347 1724 1396 1768 ad
1420 1741 1508 1782 per-

74 1811 224 1839 sonam
255 1796 484 1853 physicam.
523 1814 542 1836 ‹<
585 1797 644 1838 Ex
688 1795 829 1837 sociali
873 1796 1180 1848 coniunctione,
1225 1796 1356 1852 inquit
1390 1796 1505 1839 Ton-

74 1867 215 1924 giorgi
247 1867 328 1925 (3),
361 1869 544 1924 exsurgit
577 1883 658 1910 una
690 1868 902 1909 sociorum
937 1868 1152 1917 sententia,
1188 1883 1265 1909 una
1300 1866 1504 1920 voluntaS,

147 1982 203 2027 (1)
233 1995 251 2013 «
278 1982 432 2023 Quattro
459 1993 525 2015 son
552 1981 705 2027 dunque,
747 1980 926 2014 concludit
967 1980 1155 2024 Taparelln
1202 1981 1307 2014 Carsu
1346 1981 1436 2014 elem.
1472 1982 1506 2016 di

73 2040 182 2075 drilto
210 2045 280 2075 nal.
308 2052 405 2074 num.
438 2051 534 2082 12o.;
563 2040 610 2086 gli
639 2040 807 2074 elementi
836 2039 989 2084 precipui
1017 2039 1197 2074 dell'esser
1224 2039 1367 2079 sociale,
1394 2042 1504 2081 anitii,

76 2100 300 2141 mollitudine,
327 2100 402 2142 lina,
431 2101 546 2145 ηιιζζί.
574 2101 601 2133 E
630 2099 662 2133 la
690 2099 824 2133 societa
851 2101 925 2132 sarii
953 2107 1052 2132 tanto
1088 2100 1143 2144 piu
1185 2099 1345 2144 perfetta,
1373 2108 1503 2145 quanto

74 2159 133 2203 piu
155 2158 307 2204 perfetta
332 2161 407 2193 sara
434 2158 606 2198 l‘unione,
626 2159 683 2203 piu
712 2159 882 2191 numm-osi
906 2157 952 2203 gli
981 2157 1148 2191 elementi
1169 2158 1269 2198 uniti,
1288 2158 1345 2203 piu
1366 2160 1505 2192 nniver-

70 2219 140 2252 sclli:
165 2218 188 2252 il
214 2219 304 2252 bene
332 2230 350 2252 a
377 2219 430 2252 cui
459 2219 650 2263 tende.pi[1
679 2218 801 2263 efficaci
829 2217 836 2249 i
863 2218 974 2250 mezzi
1004 2229 1071 2250 con
1091 2218 1144 2251 cui
1166 2218 1197 2250 vi
1218 2219 1334 2252 tende.
1359 2232 1375 2249 ))
1400 2219 1502 2259 Quae

71 2278 194 2311 onmia
218 2278 374 2312 maxime
403 2279 624 2323 reperiuntur
651 2278 686 2310 in
714 2277 872 2311 Ecclesia
902 2277 1101 2311 Catliolica.
1130 2276 1201 2310 (lfr.
1240 2277 1407 2311 eumdem
1444 2289 1504 2312 au-

71 2343 222 2378 ctorem,
247 2338 363 2383 saggio
392 2349 463 2371 ecc.
491 2336 512 2370 l.
541 2337 598 2370 cit.
627 2348 724 2370 num.
758 2347 834 2381 309.

142 2395 198 2440 (2)
226 2395 279 2430 Cf.
297 2396 479 2441 Tarquini,
499 2396 605 2429 instit.
628 2396 690 2429 iur.
709 2394 793 2429 eccl.
812 2394 903 2439 publ.
920 2394 940 2428 l.
963 2406 989 2428 1.
1005 2406 1032 2428 c.
1055 2406 1080 2428 Ι.
1097 2403 1180 2429 sect.
1203 2406 1228 2429 1.
1246 2406 1342 2429 num.
1360 2405 1390 2439 7.
1406 2407 1500 2442 seqq.

145 2454 203 2499 (3)
228 2455 308 2489 Eth.
336 2466 433 2488 num.
466 2465 545 2497 420.
