1705 2787
670 104 931 148 ...119..

645 344 796 373 THESIS
844 344 962 373 XLIX.

85 472 153 516 Ex
188 480 360 516 naturae
393 470 474 529 lege
500 471 740 529 parentibus
773 487 917 515 veram
951 473 1052 516 inest
1085 473 1127 515 in
1150 470 1261 531 filios
1296 472 1378 524 ins,
1404 470 1512 514 dire-

206 544 372 595 aivum,
409 541 708 599 obligatorimn,
746 543 951 599 iudiciale,
985 542 1362 586 coactivmmhnins
1381 550 1512 585 antem

198 615 359 673 patriae
399 615 605 673 potestatis
655 627 865 667 mensura,
917 614 970 657 ad
1004 615 1281 657 extensionem
1319 614 1404 656 eius
1438 628 1508 655 sen

204 685 512 744 amplitudinem
545 685 650 743 qnod
683 687 832 738 attinet,
869 694 923 729 est
956 701 1007 728 ex
1034 684 1215 728 naturali
1258 684 1507 728 educationis

205 758 330 816 officio
364 757 627 801 desumenda.

169 892 276 957 '137.
311 901 688 944 DEMONSTRATIO.
724 900 966 942 Parentum
991 900 1058 942 ius
1084 899 1129 942 in
1155 897 1270 941 filios
1296 913 1387 941 non
1413 898 1510 941 uni-

87 987 189 1014 cum
210 984 275 1014 est
298 970 373 1015 sed
393 971 639 1029 multiplex.
661 971 1004 1028 Consequenter
1039 971 1158 1012 enim
1180 969 1231 1012 ad
1256 968 1422 1013 factum
1442 969 1510 1012 vel

87 1043 237 1088 solum
270 1044 587 1101 generationis,
622 1043 690 1087 lex
725 1043 937 1086 naturalis
963 1041 1134 1085 confert
1159 1040 1417 1100 parentibus
1441 1042 1510 1085 ius

86 1116 138 1159 ad
163 1114 418 1159 habendum
444 1131 466 1158 a
490 1114 590 1158 filiis
615 1113 807 1158 debitam
834 1116 1143 1169 reverentiam,
1168 1129 1385 1167 amorem,
1410 1113 1510 1157 sub-

86 1186 265 1230 sidium:
285 1186 337 1230 de
357 1187 441 1230 hoc
466 1187 576 1242 iure,
596 1198 750 1244 utpote
776 1185 1027 1241 manifesto,
1048 1186 1109 1228 nil
1123 1184 1349 1228 addemus,
1369 1186 1510 1228 Porro

86 1258 363 1316 imponendo
397 1258 596 1301 officium
645 1257 936 1313 educationis,
981 1256 1134 1300 eadem
1168 1257 1236 1300 lex
1281 1257 1508 1313 naturalis,

87 1332 240 1388 eoipso
276 1329 448 1374 confert
471 1329 729 1388 parentibus
763 1331 831 1372 ius
866 1329 917 1373 ad
954 1329 1068 1373 filios
1103 1328 1374 1386 dirigendos,
1399 1327 1510 1372 obli-

85 1402 270 1459 gand03‚
305 1401 545 1459 cogendos,
580 1401 721 1445 donec
756 1401 835 1444 filii
869 1401 1143 1444 adducantur
1177 1400 1229 1444 ad
1263 1399 1509 1458 perfectum

86 1486 253 1517 statum
288 1473 501 1530 hominis,
535 1475 580 1516 in
615 1485 834 1531 quantum
870 1473 1009 1515 homo
1032 1484 1112 1528 est,
1137 1473 1212 1530 qui
1237 1485 1302 1515 est
1330 1473 1507 1515 virtutis

85 1557 251 1588 status:
286 1544 338 1588 de
375 1544 461 1588 hoc
494 1546 589 1588 iure
623 1561 772 1588 sermo
797 1544 926 1587 nobis
952 1557 1015 1587 est
1040 1545 1085 1586 in
1110 1543 1189 1586 hac
1214 1543 1342 1586 thesi.
1370 1542 1507 1597 Quod

87 1616 170 1660 tale
204 1617 272 1659 ius
296 1632 397 1660 vere
422 1617 527 1660 insit
550 1615 824 1674 parentibu3‚
848 1617 907 1659 sic
935 1615 1124 1658 breviter
1149 1627 1296 1672 potest
1320 1614 1505 1658 demon-

87 1687 244 1730 strari:

174 1757 264 1800 Lex
297 1756 524 1813 naturam,
559 1768 608 1800 ut
642 1757 686 1800 in
730 1757 958 1814 superiore
994 1755 1107 1798 thesi
1142 1755 1245 1797 satis
1281 1753 1394 1797 clare
1430 1754 1502 1797 de-

85 1829 453 1884 monstravimus,
503 1829 697 1886 imponit
732 1829 908 1885 proprie
956 1842 1001 1869 ac
1049 1825 1212 1869 directe
1248 1825 1505 1883 parentibus

84 1897 282 1941 officium
317 1897 533 1942 educandi
567 1914 672 1941 suos
706 1898 836 1941 filios,
873 1899 991 1953 Ergo
1025 1895 1177 1939 eadem
1213 1895 1281 1938 lex
1314 1896 1505 1953 parenti-

86 1969 165 2012 bus
198 1968 354 2012 tribuit
408 1981 674 2027 potestatem
723 1986 799 2012 seu
836 1971 897 2011 ins
943 1967 1163 2024 dirigendi
1197 1979 1239 2010 et
1274 1966 1501 2025 obligandi

83 2039 213 2096 filios,
249 2040 300 2084 de
335 2056 491 2084 eorum
526 2040 775 2084 actionibus
811 2039 1048 2094 iudicandi,
1087 2054 1252 2096 eosque
1286 2040 1418 2081 etiam
1453 2038 1504 2082 ad

82 2111 431 2155 submissionem
466 2112 653 2170 cogendi
686 2111 1036 2170 proportionatis
1072 2111 1241 2167 poenis,
1278 2137 1330 2141 ——
1381 2111 1505 2153 Patet

81 2184 375 2240 consequentia.
411 2183 500 2226 Lex
534 2183 761 2239 naturalis,
796 2198 906 2239 quae
941 2194 1005 2223 est
1039 2181 1238 2237 apprime
1263 2180 1503 2224 rationabi-

83 2253 149 2310 lis,
184 2255 337 2311 eoipso
371 2253 491 2312 quod
526 2254 723 2297 officium
767 2252 990 2311 quoddam
1036 2253 1228 2309 imponit
1281 2252 1427 2309 alicui,
1463 2254 1501 2295 ei

82 2324 253 2368 confert
307 2341 490 2368 omnem
534 2338 799 2383 potestatem
855 2324 1086 2379 moralem,
1140 2339 1215 2366 seu
1249 2324 1316 2366 ius
1352 2339 1501 2379 omne,

83 2394 203 2453 quod
237 2394 289 2438 ad
324 2394 521 2438 officium
556 2395 663 2439 illud
699 2394 977 2452 implendum
1011 2396 1065 2437 sit
1091 2396 1404 2438 necessarium.
1424 2396 1502 2437 At-

84 2467 159 2524 qui
193 2465 448 2524 parentibus
485 2468 675 2525 imponit
711 2465 906 2510 officium
943 2465 1156 2510 educandi
1192 2464 1319 2509 filios:
1340 2465 1392 2509 ad
1418 2465 1501 2510 hoc
