1705 2787
775 55 1005 110 -43-

327 165 364 205 (ἱ.
399 162 503 205 Illud
547 161 714 205 tandem
758 161 919 205 admitti
962 159 1077 202 nullo
1124 170 1246 216 pacto
1294 170 1442 216 potest,
1490 156 1604 215 quod

178 234 352 277 affirmat
378 233 557 286 Hobbes5
578 249 626 275 ne
646 234 840 274 notiones
859 231 1030 288 quidem
1051 232 1148 273 iuris
1169 242 1208 273 et
1231 232 1411 283 iniuriae,
1431 230 1604 272 iustitiae

179 318 217 348 ct
252 306 466 347 iniustitiae
501 304 652 357 haberi,
689 315 913 359 antequam
936 302 1104 344 visibilis
1136 314 1314 359 potestas
1335 299 1606 360 (Leviathan)

178 393 227 419 ex
250 391 391 419 mutua
415 377 693 418 conventione
715 376 937 417 exoriatur.
953 399 1005 404 -
1022 375 1116 416 Hoc
1137 375 1178 416 in
1194 374 1336 430 primis
1353 371 1606 415 animadver-

178 449 313 489 timus.
348 449 388 489 Si
413 449 522 489 iuxta
546 445 743 488 Hobbesii
767 447 1013 488 sententiam
1045 456 1226 501 potestas
1258 444 1325 488 issa
1348 445 1531 487 exoritur
1553 459 1605 485 ex

178 520 359 560 cessione
384 519 574 559 omnium
600 518 762 569 itu-ium,
790 515 937 573 quibus
959 517 1106 573 privati
1130 517 1171 558 in
1193 528 1298 558 statu
1318 527 1485 558 naturae
1507 515 1606 557 anti-

177 589 315 631 sociali
348 602 439 630 sunt
473 589 681 641 instructi3
715 587 863 630 dantur
897 602 1000 643 ergo
1034 588 1119 629 iura
1152 586 1200 629 ab
1233 586 1404 629 homine
1437 587 1606 643 cognita

178 675 268 705 ante
302 678 513 719 supremae
546 661 652 704 illius
701 663 912 718 potestatis
966 663 1323 704 constitutionem.
1358 687 1411 692 —
1444 661 1606 703 Dantur

176 733 363 789 profecto
398 735 496 785 iura,
530 748 632 789 quae
666 732 826 775 confert
860 732 925 775 Iex
966 732 1173 785 nummulis,
1208 747 1392 789 quaeque
1432 730 1606 788 proinde

175 804 364 847 dicuntur
397 804 595 846 naturalia
625 803 706 862 (Ι)
742 819 923 860 quorum
958 803 1033 846 alia
1067 816 1253 860 possunt,
1288 802 1365 845 alia
1396 813 1607 859 nequeunt

176 876 339 918 alienari
370 875 450 934 (2).
484 876 652 918 Praeter
684 877 770 918 iura
802 876 1001 918 naturalia
1035 875 1182 919 dantur
1216 876 1343 917 etiam
1375 876 1476 926 iura,
1501 889 1604 930 quae

179 947 336 990 confert
369 948 432 990 lex
457 950 658 1006 positiva:
693 947 763 991 sed
795 949 881 990 iura
914 948 1013 990 haec
1050 948 1229 1004 positiva
1270 957 1606 1004 praesupponunt

179 1031 271 1062 ante
305 1036 344 1062 se
378 1021 464 1062 iura
496 1019 708 1072 naturalia,
743 1019 1105 1076 quemadmodum
1137 1019 1201 1061 1οΧ
1233 1020 1422 1075 positiva,
1456 1034 1478 1060 a
1525 1033 1606 1075 qua

178 1091 474 1142 conceduntur,
520 1092 816 1148 praesupponit
864 1090 1005 1146 Iegem
1052 1089 1282 1132 naturalem
1328 1089 1409 1148 (3).
1458 1089 1604 1132 Homo

179 1162 330 1204 scilicet
362 1178 448 1205 non
481 1174 539 1204 est
571 1164 709 1219 primo
734 1163 843 1213 civis,
865 1174 955 1203 tun]
984 1176 1084 1204 vero
1105 1161 1232 1212 homo,
1254 1160 1324 1204 sed
1342 1177 1363 1203 e
1386 1175 1603 1202 converso.

178 1234 369 1276 Iamvero
394 1246 437 1275 ut
469 1246 528 1276 est
561 1233 708 1286 homo,
743 1232 947 1290 quaedam
981 1231 1103 1274 habet
1126 1233 1224 1285 iura,
1245 1247 1347 1288 quae
1364 1247 1451 1273 non
1470 1233 1606 1274 oriun-

178 1318 243 1347 tur
275 1321 297 1347 a
330 1305 495 1361 politica
527 1317 742 1361 potestate,
765 1303 837 1347 sed
860 1303 1144 1347 antecedenter
1166 1303 1215 1347 ad
1238 1305 1368 1360 ipsam
1390 1304 1601 1359 prioritate

178 1389 343 1419 naturae
376 1378 566 1419 existunt:
601 1377 701 1419 haec
734 1388 875 1419 autem
898 1378 983 1418 iura
1006 1391 1027 1418 a
1045 1375 1218 1418 naturali
1240 1375 1330 1431 lege
1353 1374 1605 1418 dimanantia

180 1447 297 1490 debet
320 1448 487 1504 politica
508 1460 688 1504 potestas
711 1448 827 1500 tueri,
851 1447 1054 1499 adiuvare,
1078 1448 1241 1503 suisque
1264 1445 1422 1502 legibus
1445 1446 1605 1490 coordi-

180 1534 274 1561 nare
299 1519 349 1562 ati
371 1518 529 1561 bonum
552 1535 788 1561 commune.
812 1519 922 1561 Inter
940 1520 1027 1560 iura
1049 1518 1148 1560 haec
1166 1518 1362 1560 naturalia
1381 1529 1440 1560 est
1458 1519 1516 1560 ius
1533 1533 1605 1560 seu

179 1590 399 1633 dominium
427 1592 697 1649 prtprictasis,
732 1591 845 1647 quod
878 1589 926 1632 ab
959 1591 1045 1647 ipsa
1076 1590 1219 1632 natu'ra
1252 1589 1536 1633 antecedenter
1554 1588 1605 1632 ad

181 1662 345 1705 civilem
378 1664 619 1705 societatem
652 1662 892 1705 conceditur
934 1661 1148 1705 individuo
1181 1673 1220 1703 et
1267 1660 1459 1704 familiae.
1508 1660 1605 1712 Qua

181 1733 232 1777 de
265 1735 504 1790 quaestione
546 1735 708 1790 egimus
750 1733 831 1775 alio
873 1733 969 1775 loco
1001 1732 1082 1791 (4).
1118 1759 1170 1763 —
1204 1733 1346 1788 Itaque
1386 1731 1605 1775 reficienda

183 1806 358 1847 0111111110
378 1817 436 1847 est
456 1804 555 1848 haec
575 1804 774 1847 Hobbesii
805 1804 873 1863 (5)
894 1806 1115 1847 sententia:
1143 1822 1162 1844 «
1191 1804 1383 1846 Cessante
1403 1814 1604 1860 potestate

183 1875 305 1929 civili,
354 1889 511 1919 cessant
559 1877 754 1919 crimina:
802 1877 955 1918 iustum
1001 1887 1039 1918 et
1085 1876 1296 1928 iniustum,
1342 1886 1512 1931 propter
1543 1875 1604 1916 ius

185 1949 375 1989 omnium
408 1949 450 1990 in
483 1949 638 2001 onmia,
672 1946 833 1990 nullum
865 1959 936 1990 est.
973 1965 992 1987 >³

253 2148 310 2192 (1)
338 2147 391 2182 Cf.
420 2159 535 2193 super.
563 2148 632 2182 vol.
660 2149 704 2182 II.
732 2149 822 2183 thes.
849 2149 892 2182 II.
919 2159 997 2193 pag.
1027 2157 1081 2191 31.
1109 2145 1163 2180 Cf.
1192 2145 1299 2179 etiam
1325 2145 1414 2180 thes.
1440 2146 1502 2180 IV.

252 2209 308 2251 (2)
336 2207 391 2242 Cf.
420 2220 533 2252 super.
561 2208 631 2241 vol.
658 2209 702 2242 II.
729 2208 818 2242 thes.
845 2209 888 2241 II.
915 2218 993 2252 pag.
1023 2216 1076 2250 35.

253 2268 309 2312 (3)
337 2267 391 2303 Cf.
419 2280 533 2313 super.
561 2267 631 2301 vol.
659 2269 684 2302 Ι.
713 2268 801 2302 thes.
821 2267 987 2302 XLVIII.
1013 2277 1091 2311 pag.
1122 2265 1212 2309 382„
1230 2272 1263 2298 et
1279 2264 1348 2298 vol.
1367 2265 1410 2299 ΙΙ.
1435 2265 1524 2299 thes.
1539 2265 1602 2300 IV.

204 2339 223 2361 a
252 2354 258 2360 .
288 2327 341 2361 62.

181 2339 201 2372 p
226 2339 309 2433 g(4)
338 2387 392 2423 Cf.
420 2399 533 2432 super.
560 2387 631 2421 vol.
648 2387 691 2421 11.
720 2387 808 2421 thes.
835 2387 972 2421 XXIV.
999 2397 1106 2432 seqq„
1132 2384 1339 2432 praesertim
1357 2384 1446 2418 thes.
1465 2383 1602 2418 XXIX.

256 2448 310 2495 (ς)
335 2448 547 2489 Leviathan,
573 2459 601 2481 c.
628 2447 804 2481 XXVIII.
