1705 2787
84 162 160 208 sed
198 164 429 221 usurpatio
452 164 698 222 potestatis.
721 182 740 205 »
766 164 821 207 Et
844 164 974 222 paulo
999 164 1206 209 inferius:
1235 181 1254 204 «
1274 164 1381 208 Non
1404 163 1505 207 licet

85 235 253 293 populo
287 234 426 278 semel
459 233 660 278 subiecto
694 246 962 292 potestatem
996 236 1111 293 regis
1145 235 1289 292 magis
1323 234 1504 278 restrin-

84 322 202 365 gere,
237 321 383 365 quam,
404 306 450 349 in
484 307 626 363 prima
659 306 949 349 translatione
992 322 1068 350 seu
1105 307 1405 350 conventione
1439 321 1503 349 re-

81 379 232 422 stricta
264 376 364 433 fuit,
399 377 502 435 quia
534 376 578 421 id
612 392 704 420 non
728 378 947 435 permittit
970 378 1039 421 lex
1060 377 1133 421 illa
1156 378 1367 433 iustitiae,
1391 392 1503 435 quae

82 448 225 506 docet,
258 448 460 505 legitima
493 460 616 505 pacta
650 446 864 491 servanda
898 464 1007 505 esse,
1041 460 1084 491 et
1118 447 1411 493 donationem
1433 447 1503 490 ab·

81 519 277 563 solutam
310 518 448 561 semel
484 517 623 561 valide
651 517 810 561 factam
846 520 1043 562 revocari
1078 534 1169 561 non
1204 534 1333 576 posse
1360 533 1503 576 neque

81 591 126 634 in
161 602 310 634 totum
343 605 488 647 neque
521 604 573 632 ex
606 601 742 646 parte,
777 602 819 632 et
854 590 1046 632 maxime
1091 588 1270 647 quando
1311 604 1504 632 onerosa

80 661 176 706 fuit.
210 662 308 705 Imo
342 676 423 704 nec
457 660 574 718 leges
610 661 821 718 principis
856 662 993 704 iustas
1028 673 1175 718 potest
1208 660 1401 719 populus
1426 676 1504 704 sua

81 745 298 792 potestate
333 733 462 776 nixus
496 732 726 789 abrogare,
760 731 835 775 sed
869 732 1017 775 solum
1051 733 1185 775 tacito
1208 732 1277 775 vel
1296 747 1503 789 expresso

81 803 281 848 eiusdem
314 803 525 862 principis
561 818 782 846 consensu
818 802 973 857 fretus,
999 816 1046 846 ut
1070 819 1104 848 s,
1130 803 1333 846 Thomas
1351 802 1503 846 docuit

80 889 121 919 et
171 892 251 920 nos
285 874 388 918 alibi
431 875 561 918 latius
596 873 803 917 diximus,
850 874 977 918 Unde
1013 891 1103 918 non
1138 887 1203 918 est
1236 874 1500 932 simpliciter

82 963 253 1003 verum,
288 960 439 1003 regem
473 944 664 1003 pendere
700 946 742 987 in
768 960 845 988 sua
870 957 1087 1002 potestate
1114 961 1136 987 a
1160 945 1343 1003 populo,
1367 946 1499 988 etiam

80 1020 115 1061 si
149 1017 201 1061 ab
235 1019 331 1075 ipso
366 1033 463 1060 eam
497 1017 727 1074 acceperit,
762 1017 864 1074 quia
897 1017 1061 1074 poterit
1095 1015 1286 1074 pendere
1322 1017 1363 1059 in
1386 1016 1499 1075 fieri,

80 1103 128 1133 ut
160 1091 298 1145 aiunt,
333 1101 375 1132 et
409 1101 561 1147 postea
596 1104 685 1131 non
722 1086 911 1145 pendere
947 1089 989 1130 in
1023 1088 1280 1139 conservari,
1308 1088 1343 1130 si
1370 1087 1499 1145 plene

80 1175 122 1205 et
155 1160 358 1205 absolute
390 1161 509 1204 illam
544 1161 724 1218 accepit.
761 1160 984 1213 Quocirca
1028 1172 1267 1218 postquam
1303 1159 1502 1217 legitime

79 1234 350 1277 constitutus
405 1244 485 1288 est,
534 1247 790 1289 supremam
843 1230 973 1274 habet
1022 1243 1290 1289 potestatem
1339 1232 1383 1274 in
1435 1230 1501 1273 his

80 1303 306 1360 omnibus,
340 1302 392 1347 ad
427 1318 537 1361 quae
572 1302 693 1346 illam
726 1303 907 1360 accepit,
942 1303 1115 1345 etiamsi
1139 1318 1161 1344 a
1186 1301 1353 1359 populo
1379 1301 1500 1345 illam

80 1375 298 1433 habuerit,
332 1376 435 1434 quia
457 1376 525 1419 lex
549 1375 741 1418 iustitiae
768 1374 851 1417 hoc
876 1375 1025 1431 exigit,
1051 1386 1098 1417 ut
1123 1373 1456 1417 declaravimus.
1480 1391 1499 1413 »

80 1447 292 1492 Similiter
326 1446 496 1490 Molina
530 1446 626 1505 (1):
665 1464 684 1486 «
712 1444 976 1503 Respublica
1011 1460 1101 1488 non
1152 1456 1297 1502 potest
1332 1443 1501 1487 auferre

79 1532 345 1579 potestatem
379 1534 652 1575 concessam,
687 1518 755 1562 vel
779 1533 875 1560 eam
901 1518 1118 1573 minuere,
1144 1529 1218 1560 aut
1243 1517 1500 1573 legitimum

80 1591 196 1635 illius
231 1606 364 1634 usum
396 1589 626 1648 impedire.
655 1608 674 1630 »
711 1589 868 1632 Afferri
903 1601 1051 1632 autem
1085 1588 1198 1631 solet
1221 1587 1280 1643 id,
1305 1586 1424 1645 quod
1450 1586 1501 1630 de

80 1662 397 1706 Valentiniano
432 1673 582 1704 narrat
616 1661 896 1703 Sozomenus
931 1658 1026 1718 (2):
1066 1676 1085 1698 «
1113 1658 1232 1701 Cum
1266 1658 1500 1701 Iovianum

80 1735 196 1777 mori
229 1734 505 1790 contigisset,
530 1732 723 1775 exercitu
751 1732 956 1775 Romano
982 1742 1023 1772 et
1047 1730 1114 1786 iis,
1139 1730 1215 1787 qui
1240 1729 1500 1786 praecipuas

79 1805 317 1864 dignitates
351 1803 578 1862 gerebant,
612 1803 851 1847 consilium
878 1800 1151 1857 ineuntibus,
1177 1802 1385 1844 omnium
1409 1799 1498 1844 suf-

81 1877 218 1935 fragio
253 1877 593 1921 Valentinianus
643 1876 821 1932 eligitur
878 1875 1133 1930 imperator.
1170 1873 1263 1926 Qui
1297 1887 1399 1916 cum
1434 1873 1500 1916 in-

80 1950 222 2007 signia
254 1949 435 2007 Imperii
467 1949 748 2006 suscepisset,
783 1944 1128 1989 vociferantibus
1180 1943 1414 2001 militibus,
1451 1957 1499 1988 ut

79 2021 269 2063 alterum
302 2019 386 2062 sibi
418 2019 599 2076 Imperii
622 2030 878 2061 consortem
903 2015 1184 2071 adiungeret:
1221 2015 1370 2058 Vestri
1403 2016 1499 2073 qui-

80 2092 197 2149 dem,
230 2092 390 2150 inquit,
424 2090 594 2134 arbitrii
628 2089 724 2145 fuit,
760 2088 1107 2142 commilitones,
1145 2099 1192 2130 ut
1217 2102 1288 2130 me
1311 2087 1499 2143 impera-

80 2177 226 2208 torem
260 2176 459 2207 vestrum
493 2163 727 2219 eligeretis.
763 2160 861 2216 Sed,
898 2172 1185 2218 posteaquam
1210 2159 1418 2217 elegistis,
1442 2158 1498 2214 id,

151 2386 207 2430 (Ι)
234 2386 288 2420 De
315 2386 393 2419 iust.
422 2385 510 2429 disp.
536 2384 665 2418 XXIII.

151 2447 207 2491 (2)
235 2446 327 2479 Hisi.
353 2445 439 2479 eccl.
466 2445 524 2478 VI.
553 2444 583 2478 (4.
