1705 2787
116 191 276 234 nempe
309 176 535 234 incapaces
570 190 675 221 sunt
709 177 792 221 sibi
825 178 1127 237 prospiciendi
1161 177 1212 221 de
1247 176 1473 222 alimentis
1499 189 1544 223 et

117 246 287 291 bonurn
309 263 331 290 a
365 247 482 290 malo
507 247 779 292 sufficienter
814 249 1107 293 discernendi.
1133 250 1231 292 Hoc
1256 250 1403 307 primo
1428 262 1542 293 tem-

115 334 222 376 pore
255 319 394 376 patria
427 331 621 376 potestas
656 321 849 363 maxima
897 334 977 377 est,
1032 334 1074 364 et
1125 320 1177 364 ad
1211 333 1414 364 externas
1451 338 1544 365 non

114 389 262 432 solum
296 388 371 432 sed
406 390 538 432 etiam
572 389 624 432 ad
659 391 855 434 internas
890 391 1088 435 filiorum
1122 392 1318 434 actiones
1345 391 1541 449 dirigen-

115 458 189 503 das
223 476 268 502 se
302 461 505 517 porrigit.
541 460 748 504 Alterum
782 474 958 519 tempus
994 476 1074 519 est,
1109 478 1251 520 quum
1282 475 1387 506 sunt
1414 464 1548 506 mino-

114 547 192 587 res,
227 548 316 590 quo
350 545 553 589 tempore
587 533 668 574 etsi
703 534 898 576 actiones
934 550 1033 577 suas
1059 550 1210 590 regere
1234 533 1423 591 valeant,
1447 551 1475 578 n
1490 550 1548 578 on

113 614 262 646 tamen
295 606 485 661 possunt
519 618 581 658 ea,
617 619 727 660 quae
762 603 813 646 ad
847 605 984 647 vitam
1020 606 1265 647 necessaria
1300 618 1420 661 sunt,
1460 605 1547 649 sibi

114 688 385 730 comparare,
419 689 498 716 nec
533 688 600 715 res
637 688 734 715 suas
771 686 885 716 recte
920 675 1246 718 administrare.
1282 676 1379 718 Hoc
1402 676 1543 719 altero

114 755 316 802 tempore
350 746 498 788 minor
533 757 597 787 est
632 746 771 802 patria
805 758 1014 803 potestas,
1051 759 1092 789 et
1126 746 1177 790 ad
1212 759 1413 791 externas
1459 764 1538 805 po-

114 817 205 859 tius
227 815 425 859 filiorum
460 817 655 859 actiones
691 832 735 858 se
770 832 814 858 se
851 817 1061 860 extendit.
1098 818 1307 861 Tertium
1359 830 1536 877 tempus

115 899 194 943 est,
229 902 370 945 quum
404 899 508 930 sunt
543 888 732 939 maiores,
768 900 809 930 et
859 890 947 945 apti
981 888 1032 931 ad
1067 904 1111 930 se
1147 889 1393 946 regendum
1442 903 1541 934 tum

114 957 260 1016 quoad
294 959 505 1015 internas,
560 970 658 1001 tum
708 959 840 1001 etiam
895 960 1040 1016 quoad
1089 973 1290 1003 externas
1325 962 1538 1005 actiones,

116 1029 247 1073 Tunc
281 1043 430 1073 autem
451 1030 653 1073 educatio
677 1044 881 1073 censetur
908 1032 1140 1088 completa:
1158 1045 1198 1074 et
1222 1031 1273 1075 ad
1293 1049 1389 1075 eam
1415 1033 1535 1092 quod

116 1114 297 1159 spectat,
332 1101 411 1145 filii
446 1118 467 1144 a
492 1102 701 1145 directiva
726 1103 859 1159 patris
881 1115 1097 1159 potestate
1116 1106 1425 1162 annincipmztnr
1448 1104 1536 1165 (1)

206 1174 457 1232 Quousque
473 1186 621 1217 tamen
637 1173 715 1217 filii
739 1182 1048 1231 5t³pz11·czlnm,ut
1068 1176 1206 1231 aiunt,
1226 1192 1247 1218 a
1262 1177 1538 1234 patreformn

116 1260 206 1287 non
242 1243 419 1301 habent,
453 1245 597 1289 eidem
632 1258 862 1303 tamquam
896 1245 1083 1289 familiae
1118 1263 1193 1289 seu
1220 1247 1380 1291 domus
1406 1250 1538 1306 capiti

114 1315 369 1360 subduntur
402 1318 448 1361 in
482 1318 549 1373 iis,
585 1333 696 1375 quae
721 1317 772 1360 ad
798 1318 1000 1360 ordinem
1027 1318 1187 1361 domus
1208 1321 1433 1376 pertinent
1452 1319 1538 1379 (2).

203 1388 278 1431 IV.
314 1388 451 1441 Quod
485 1389 643 1431 attinet
677 1387 728 1431 ad
763 1388 982 1431 sulzica-tum
1030 1388 1160 1431 liuius
1211 1392 1457 1447 potestatis,
1493 1406 1541 1434 ea

115 1473 218 1501 sane
253 1459 297 1501 in
334 1471 524 1517 utroque
560 1458 721 1502 residet
756 1472 949 1516 parente:
1007 1472 1192 1518 uterque
1228 1462 1347 1503 enim
1383 1477 1540 1519 parens

117 1530 343 1572 concurrit
377 1529 429 1573 ad
464 1531 839 1588 procreationem,
874 1543 1060 1587 uterque
1095 1530 1224 1573 debet
1259 1532 1393 1575 simul
1439 1548 1543 1576 con-

115 1616 292 1644 currere
327 1601 379 1645 ad
413 1601 729 1645 educationem
765 1602 915 1659 prolis.
937 1603 1106 1644 Verum
1142 1604 1354 1659 primario
1380 1603 1541 1647 residet

116 1673 159 1715 in
194 1685 331 1730 patre,
366 1685 521 1731 utpote
556 1673 647 1729 illo,
683 1674 753 1716 cui
803 1674 962 1716 mulier
1015 1686 1079 1716 est
1115 1675 1373 1717 naturaliter
1408 1674 1552 1718 subie-

115 1755 196 1799 cta,
231 1745 306 1801 qui
340 1743 530 1787 familiae
565 1757 630 1787 est
665 1757 809 1801 caput,
845 1746 1009 1801 quique
1045 1745 1302 1787 naturaliter
1338 1758 1379 1788 et
1399 1744 1534 1789 ditior

105 1815 181 1857 'est
215 1814 266 1857 ad
301 1814 525 1871 alendum,
580 1828 622 1858 et
657 1817 897 1873 sapientior
931 1816 982 1858 ad
1008 1815 1338 1873 instruendum,
1394 1830 1434 1860 et
1470 1833 1542 1861 va—

119 1884 252 1928 lidior
286 1885 339 1928 ad
374 1886 726 1943 reprimendum.

190 2048 236 2089 (1)
265 2046 394 2081 Munus
423 2046 543 2093 legum
571 2047 728 2082 civilium
762 2057 824 2087 est,
854 2056 891 2082 ut
918 2046 1046 2081 horum
1083 2057 1286 2094 temporum
1327 2047 1469 2091 limites,
1496 2048 1554 2083 ubi

119 2116 209 2150 opus
237 2116 301 2149 est,
330 2109 528 2142 accuratius
558 2107 810 2142 determinent.
842 2108 955 2151 Leges
987 2109 1172 2143 Romanae
1203 2109 1420 2144 definiebant
1448 2109 1541 2143 filins

118 2175 190 2199 non
221 2166 312 2200 effici
341 2168 496 2209 masuras,
525 2169 591 2201 nisi
621 2169 782 2213 quintum
814 2178 848 2201 et
876 2168 1073 2202 vicesimun
1109 2170 1232 2203 :ieratis
1262 2180 1393 2203 annum
1423 2169 1550 2214 exple-

119 2224 265 2259 vissent.
294 2225 340 2260 At
357 2226 499 2260 codices
517 2227 734 2260 recentiores
756 2227 953 2270 ¹generatim
976 2235 1135 2261 statuunt
1154 2228 1368 2271 vigesimum
1390 2228 1544 2273 primum

121 2291 180 2317 aut
207 2284 314 2318 etiam
342 2285 557 2329 vigesimum
588 2297 733 2319 annum.
763 2304 805 2308 ———
834 2285 945 2318 Simili
976 2294 1079 2330 pacto
1101 2285 1155 2319 lex
1176 2286 1418 2321 ecclesiastica
1446 2297 1545 2322 aeta-

118 2351 192 2377 tem
220 2344 342 2378 statuit
368 2345 589 2390 requisitam,
610 2354 646 2379 ut
674 2345 947 2378 matrimonium
976 2345 1206 2380 contrahatur
1224 2346 1351 2380 valide:
1368 2345 1410 2380 cf.
1426 2358 1547 2392 super.

128 2413 207 2448 pag.
237 2401 282 2436 68

186 2462 232 2503 (tl
263 2460 316 2496 Cs.
347 2461 559 2507 Tongiorgi,
590 2462 669 2497 Fui.
697 2473 794 2495 num.
833 2472 904 2505 105.
946 2474 1043 2507 seqq.
1085 2474 1191 2508 quem
1227 2464 1364 2508 sequ‘ui
1407 2475 1543 2498 sumus,
