1705 2787
758 99 809 108 a„
851 86 935 132 234
970 97 1020 107 i„

180 180 272 226 dari
304 180 558 225 immediate
592 197 614 224 a
648 183 744 225 Deo
778 196 992 239 personae
1015 196 1038 223 a
1061 182 1383 225 communitate
1408 180 1600 228 electae?

180 254 341 296 Nonne
376 254 509 295 etiam
545 253 766 296 Summus
802 252 1007 295 Pontifex
1039 268 1062 295 a
1103 252 1306 296 Patribus
1355 253 1601 298 Cardinali-

183 325 261 366 bus
296 324 488 379 eligitur,
523 335 566 365 et
602 336 751 366 tamen
785 323 1042 367 immediate
1074 339 1097 366 a
1128 325 1225 367 Deo
1272 325 1429 382 accipit
1476 337 1601 382 pote-

181 397 359 438 statem?
394 420 444 424 —-
482 394 549 436 En
584 395 820 451 responsio
855 394 1047 437 Suaresii
1081 393 1167 453 (1):
1195 394 1430 438 «Duobus
1455 395 1601 439 modis

181 477 327 522 potest
361 465 475 507 actio
511 477 586 507 aut
619 465 826 508 voluntas
862 466 1056 509 humana
1091 467 1359 509 intervenire
1393 467 1439 509 in
1472 467 1602 509 colla—

183 539 302 579 tione
336 537 567 594 potestatis
601 552 624 578 a
657 538 754 579 Deo
787 538 883 593 ipso
918 536 1119 579 ducentis
1154 538 1389 593 originem.
1433 538 1602 594 Primo,

182 608 329 650 solum
379 607 654 664 designando
709 608 778 651 vel
827 607 1144 650 constituendo
1191 623 1443 665 personam,
1491 623 1603 667 quae

183 679 388 722 succedat
420 682 466 723 in
501 679 715 737 dignitate
749 696 772 722 a
805 681 901 723 Deo
950 682 1170 738 instituta,
1214 680 1372 724 eodem
1419 695 1602 738 prorsus

182 752 334 809 modo,
369 767 459 809 quo
492 753 698 795 instituta
732 765 812 805 est,
851 765 892 796 et
926 754 1021 795 sine
1059 755 1321 796 auctoritate
1370 753 1438 796 vel
1481 765 1605 811 pote-

183 832 294 863 state
327 821 449 864 illam
482 822 687 865 mutandi
721 821 913 879 augendi
946 822 1015 866 vel
1047 822 1294 865 minuendi.
1338 824 1486 881 Atque
1534 822 1605 866 hic

184 890 346 934 modus
379 892 527 949 quoad
560 892 845 935 Pontificiam
893 892 1157 950 dignitatern
1201 905 1403 937 servatus
1452 905 1518 936 est
1559 895 1605 936 in

183 963 279 1019 lege
312 964 450 1006 veteri
483 963 732 1007 secundum
765 965 1097 1007 successionem
1131 964 1366 1008 carnalem:
1416 965 1462 1007 in
1511 964 1606 1021 lege

185 1045 333 1075 autem
368 1049 484 1076 nova
518 1033 567 1077 fit
601 1050 677 1092 per
712 1036 957 1092 legitimam
993 1036 1273 1093 electionem,
1297 1051 1383 1093 qua
1417 1051 1606 1093 persona

186 1104 457 1162 designatur.
490 1107 557 1149 De
591 1107 676 1149 hoc
711 1122 816 1164 ergo
850 1107 986 1150 modo
1020 1108 1313 1150 successionis
1346 1123 1502 1151 verum
1526 1121 1606 1165 est,

186 1176 298 1218 nihil
331 1175 521 1233 obstare,
556 1178 799 1236 quominus
833 1189 1027 1235 potestas
1061 1193 1084 1220 a
1107 1179 1204 1220 Deo
1226 1178 1482 1221 immediate
1507 1193 1606 1221 con-

185 1246 350 1290 feratur
357 1281 426 1291 .....
459 1249 561 1291 Alio
595 1264 701 1306 ergo
735 1249 871 1291 modo
904 1261 1051 1306 potest
1084 1248 1179 1292 fieri
1213 1249 1391 1292 collatio
1415 1261 1606 1307 potesta-

186 1319 241 1360 tis
275 1317 327 1360 ab
362 1318 545 1361 homine
579 1334 654 1376 per
688 1335 850 1362 novam
890 1320 1178 1361 donationem
1197 1321 1607 1363 velinstitutionem

258 1503 314 1550 (ι)
342 1503 421 1538 Des.
450 1504 507 1538 fid.
537 1503 557 1538 l.
585 1505 647 1539 Ill.
665 1516 741 1549 cap.
771 1515 801 1538 2.
829 1516 926 1538 nunt.
958 1503 1010 1539 16.
1040 1524 1081 1529 —
1111 1506 1252 1549 Suare2‚
1291 1507 1327 1539 in
1367 1505 1423 1540 lib.
1458 1505 1526 1541 ΙΙΙ.
1565 1505 1608 1540 de

203 1576 258 1610 eg.
289 1576 318 1598 c.
349 1576 377 1610 3.
405 1576 503 1598 num.
532 1574 575 1607 2.,
602 1564 691 1598 haec
730 1565 838 1598 verba
878 1564 1001 1599 habet:
1032 1577 1048 1595 a
1072 1567 1275 1600 communis
1304 1566 1483 1600 sententia
1508 1566 1610 1600 vide-

190 1634 245 1658 tur
272 1635 362 1667 esse,
389 1624 479 1658 hanc
507 1632 728 1669 potestatem
755 1624 827 1657 dari
849 1624 1057 1660 immediate
1078 1638 1096 1659 a
1115 1627 1195 1659 Deo
1214 1635 1251 1660 ut
1271 1634 1416 1660 auctore
1451 1634 1609 1668 naturae,

190 1686 240 1718 ita
266 1693 304 1718 ut
330 1684 497 1718 homines
527 1685 627 1729 quasi
655 1684 847 1729 disponant
874 1686 1063 1719 materiam
1090 1695 1125 1720 et
1152 1686 1306 1720 efficiant
1333 1686 1532 1721 subiectum
1551 1698 1610 1720 ca-

191 1756 259 1789 pax
284 1743 388 1777 huius
415 1743 616 1788 potestatis,
636 1744 736 1777 Deus
764 1752 884 1777 autem
911 1745 1010 1789 quasi
1038 1745 1167 1779 tribuat
1193 1744 1348 1779 formam
1374 1745 1492 1779 dando
1518 1745 1609 1779 hanc

191 1812 420 1849 potestatem.
446 1817 462 1835 »
491 1804 539 1837 At
566 1812 662 1847 nota,
689 1803 782 1837 hanc
808 1806 1086 1850 responsionem
1111 1817 1185 1839 non
1212 1805 1286 1839 dari
1305 1818 1324 1840 a
1343 1805 1510 1839 Suaresio
1529 1804 1610 1839 huic

193 1863 416 1909 quaestioni:
445 1872 563 1896 utrum
590 1874 694 1909 reges
721 1864 928 1899 immediate
957 1877 976 1899 a
1003 1866 1082 1899 Deo
1121 1865 1276 1900 habeant
1313 1874 1538 1911 potestatem,
1567 1877 1612 1899 an

193 1935 279 1957 vero
306 1923 514 1957 immediate
542 1935 561 1957 a
588 1924 858 1958 communitate.
887 1924 969 1958 Alia
995 1925 1144 1959 omnino
1172 1934 1224 1958 est
1251 1925 1424 1970 quaestio,
1445 1926 1501 1959 cui
1521 1926 1611 1960 Sua-

194 1995 251 2017 rez
278 1983 320 2016 iis
348 1984 464 2016 verbis
492 1984 705 2028 respondet:
744 1984 925 2026 nimirum,
952 1994 1069 2019 utrum
1107 1984 1274 2018 homines
1305 1985 1612 2030 quemadmodum

196 2051 277 2076 sunt
304 2053 366 2087 per
393 2053 612 2076 consensum
640 2053 804 2077 auctores
831 2044 1099 2077 communitatis
1127 2043 1316 2088 persectae3
1344 2044 1391 2077 ita
1418 2045 1487 2078 sint
1503 2045 1610 2078 etiam

197 2111 360 2136 auctores
400 2102 602 2146 potestatis,
630 2113 721 2147 quae
748 2103 784 2135 in
811 2103 1068 2136 communitate
1109 2104 1150 2136 ab
1185 2103 1269 2148 ipsis
1299 2102 1427 2137 effecta
1453 2103 1612 2138 resultat.

195 2163 234 2197 Id
260 2174 334 2196 non
361 2163 445 2196 satis
473 2162 801 2197 animadverterunt
828 2163 990 2206 Audisio,
1019 2174 1075 2208 op.
1103 2174 1200 2208 saep.
1227 2163 1295 2206 cit„
1324 2162 1464 2209 aliique,
1491 2164 1549 2209 qui
1569 2164 1613 2198 ci-

196 2232 268 2257 tata
295 2223 449 2256 Suaresii
478 2222 585 2255 verba
613 2223 802 2256 adducunt.
831 2242 873 2247 —
901 2223 977 2256 Nec
1004 2232 1127 2257 tamen
1153 2234 1338 2267 negamus,
1367 2222 1455 2257 alios
1487 2232 1612 2258 aucto—

195 2294 252 2317 res
280 2282 348 2316 alio
375 2282 486 2315 modo
512 2292 589 2314 rem
616 2283 804 2327 concipere
833 2292 866 2317 et
894 2283 1032 2326 efferre,
1053 2294 1083 2316 e.
1110 2294 1143 2328 g.
1170 2281 1459 2326 Salmaticenses,
1490 2282 1513 2318 l.
1542 2284 1612 2320 cit.:

200 2356 214 2374 «
229 2343 412 2388 Principes
426 2341 574 2387 regendi
591 2350 812 2387 potestatem
829 2343 961 2378 habent
980 2355 1000 2378 a
1013 2343 1104 2386 Deo,
1120 2343 1212 2389 quia,
1231 2344 1416 2390 supposita
1435 2343 1611 2380 electione

200 2415 219 2437 a
246 2401 425 2448 republica
450 2401 553 2446 facta,
580 2402 678 2437 Deus
705 2403 803 2439 illam
828 2412 1058 2451 potestatem,
1079 2404 1226 2450 quaein
1250 2405 1509 2441 communitate
1524 2414 1610 2452 erat,

196 2452 348 2509 Principi
377 2463 526 2503 confert.
552 2482 568 2499 ,υ
