1705 2787
781 68 1039 112 ‘’⁴290“

203 158 346 215 gibus,
381 174 492 216 quae
527 158 689 201 habent
723 159 943 202 rationem
978 171 1019 201 et
1045 159 1273 202 materiam
1298 159 1349 202 de
1374 174 1418 202 se
1444 159 1618 202 univer-

204 229 338 271 salem
374 244 419 271 ac
453 244 741 272 communem
786 231 867 286 ipsi
916 229 1127 286 principi:
1177 229 1273 271 talis
1308 246 1344 273 e.
1379 246 1418 286 g.
1454 241 1518 272 est
1552 228 1619 271 lex

204 313 353 342 taxans
374 301 511 356 pretia
532 315 695 355 rerum,
715 300 910 357 aliaeque
931 300 1031 342 huic
1052 300 1217 342 similes
1237 300 1368 357 leges,
1392 301 1435 342 in
1456 298 1617 357 quibus

205 372 315 413 ratio
352 372 544 414 iustitiae
578 372 645 414 vel
679 372 859 414 alterius
884 372 1059 414 virtutis
1084 371 1235 414 eadem
1260 384 1323 414 est
1348 373 1391 414 in
1417 372 1616 428 principe

202 454 243 485 et
277 443 432 485 ceteris
466 443 732 500 reipublicae
757 442 983 485 membris,
1008 443 1124 486 Nam
1148 444 1183 485 si
1207 444 1389 485 materia
1414 442 1481 485 vel
1504 442 1617 485 ratio

202 514 307 570 legis
342 529 433 556 non
468 526 532 556 est
566 515 834 567 communiS,
868 526 985 570 patet
1019 514 1264 570 principem
1299 513 1373 556 tali
1407 513 1501 569 lege
1525 526 1616 554 non

204 581 413 639 obligari:
449 584 484 625 si
520 599 554 625 e.
590 599 629 639 g⁴
666 583 776 625 hanc
816 583 1017 640 princeps
1068 582 1210 639 legem
1259 582 1529 638 promulget,
1563 596 1617 622 ne

205 654 303 710 quis
338 666 473 696 noctu
510 669 628 696 arma
663 653 784 709 ferat,
821 654 923 696 haec
959 654 1024 696 lex
1049 654 1293 710 principem
1319 668 1409 695 non
1435 651 1617 708 obligat„

202 725 309 781 quia
344 740 422 766 nec
448 741 551 767 eum
575 724 698 767 decet
723 740 868 782 neque
892 737 957 766 est
981 723 1315 767 accommodata
1350 724 1483 766 statui
1508 723 1616 765 eius,

207 821 258 825 -—
281 796 397 837 Haec
433 794 537 851 duo,
571 807 612 838 et
633 796 792 837 merito
813 793 1269 851 quiden]‚}³r;1e11]ittit
1289 794 1450 837 Suarez
1471 791 1543 851 (1)
1567 791 1618 835 ad

200 879 364 910 statum
400 868 672 924 quaestionis
708 866 1063 923 intelligendum.

288 940 412 982 Hanc
448 954 581 996 porro
616 940 925 996 quaestionem
960 953 992 980 s.
1029 937 1230 980 Thomas
1264 937 1336 996 (2)
1371 937 1516 993 solvit,
1552 935 1614 980 di-

200 1010 471 1068 stinguendo
506 1012 619 1053 inter
655 1012 742 1054 vim
787 1011 1023 1053 directi-vam
1062 1011 1166 1067 legis
1202 1023 1243 1053 ct
1293 1011 1381 1052 vim
1415 1008 1613 1052 eiusdem

198 1082 434 1124 coactivam.

292 1152 368 1209 1.⁰)
403 1150 565 1204 Quoad
599 1153 688 1194 vim
724 1151 996 1202 directivann
1030 1152 1180 1194 statim
1214 1149 1447 1193 difficultas
1473 1150 1613 1192 menti

198 1224 403 1266 occurrit.
437 1224 585 1267 Nemo
620 1236 763 1280 potest
796 1223 878 1266 sibi
911 1224 993 1279 ipsi
1027 1239 1101 1280 per
1136 1234 1419 1280 praeceptum
1453 1221 1614 1265 inferre

199 1292 535 1350 obligationem.
571 1295 651 1336 Per
688 1294 1034 1350 promissionem
1060 1293 1239 1351 quidem
1263 1293 1330 1335 vel
1355 1304 1511 1335 votum
1536 1308 1613 1349 po-

199 1378 283 1408 test
318 1366 415 1422 quis
449 1366 647 1422 seipsum
682 1364 877 1421 obligare
911 1365 998 1423 (3)
1024 1381 1112 1408 non
1139 1378 1286 1408 autem
1312 1379 1386 1421 per
1410 1379 1613 1421 praecep-

198 1450 310 1493 tum,
344 1437 461 1495 quod
497 1436 577 1479 sibi
624 1438 837 1494 imponat.
873 1437 1050 1479 Etenim
1101 1448 1383 1493 praeceptum
1419 1434 1612 1492 postulat

198 1508 551 1552 iurisdictionem
587 1521 628 1551 et
662 1508 937 1551 dominium:
974 1508 1121 1551 nullus
1147 1520 1294 1550 autem
1319 1519 1464 1564 potest
1482 1507 1611 1549 iuris-

197 1579 439 1623 dictionem
473 1582 516 1622 in
551 1596 595 1622 se
631 1579 806 1636 habere,
831 1596 910 1622 nec
935 1579 1017 1622 sibi
1051 1580 1133 1637 ipsi
1157 1595 1250 1621 esse
1274 1577 1499 1621 subiectus
1524 1577 1610 1636 (4).

285 1651 610 1707 Nihilominus,
644 1653 789 1709 inquit
828 1652 1004 1706 suarez,
1039 1650 1295 1692 communis
1328 1662 1369 1692 et
1403 1661 1611 1692 constans

197 1724 415 1765 sententia
451 1735 530 1778 est,
565 1724 703 1765 teneri
738 1723 985 1779 principem
1019 1737 1093 1764 seu
1122 1720 1421 1777 legislatorem
1446 1720 1497 1763 ad
1521 1735 1610 1762 ser-

196 1794 358 1837 vandas
384 1810 483 1837 suas
510 1795 640 1851 leges,
667 1794 844 1852 quando
870 1796 1049 1837 materia
1076 1795 1329 1836 communis
1351 1806 1392 1836 et
1412 1792 1609 1836 eiusdem

199 1865 380 1906 rationis
415 1877 479 1907 est
513 1866 557 1907 in
593 1866 688 1921 ipso
722 1877 763 1907 et
797 1866 841 1907 in
877 1865 984 1907 aliis.
1035 1865 1279 1916 Quaeritur
1328 1876 1493 1919 autem,
1528 1879 1609 1906 un-

197 1933 356 1977 denam
392 1935 496 1977 haec
532 1934 744 1992 obligatio
779 1936 978 1979 oriatur?

285 2007 408 2049 Hanc
429 2006 749 2063 obligationem
768 2007 902 2064 aliqui
922 2018 1123 2048 auctores
1143 2004 1383 2061 deducunt,
1404 2019 1492 2047 non
1512 2006 1608 2062 qui-

197 2074 295 2121 dem
322 2076 374 2119 ab
398 2078 489 2134 ipsa
514 2077 607 2134 lege
632 2093 652 2119 a
677 2077 874 2134 principe
899 2076 982 2120 lata
1002 2091 1111 2134 quae
1131 2074 1366 2117 efficaciam
1382 2074 1538 2117 habeat
1562 2075 1606 2117 in

264 2263 314 2305 (x)
341 2262 394 2295 De
421 2262 489 2307 leg.
516 2261 538 2297 l.
565 2263 621 2296 ΙΙΙ.
652 2274 678 2296 c.
713 2273 760 2305 35.

263 2325 313 2364 (2)
342 2322 379 2354 In
411 2333 439 2356 1.
468 2333 495 2355 2.
525 2334 545 2367 q
587 2322 643 2365 96.
671 2335 702 2357 a.
732 2333 758 2365 5.
789 2322 830 2356 ad
863 2333 891 2365 3.

262 2379 313 2422 (3)
343 2377 395 2414 Cf.
424 2379 492 2414 vol.
526 2391 552 2416 1.
581 2392 658 2425 pag.
693 2392 766 2425 337.

258 2439 314 2481 (1)
343 2439 396 2475 Cs.
425 2439 492 2474 ibd.
521 2450 552 2485 p.
586 2450 613 2483 3.
646 2451 718 2482 333.
