1705 2787
693 94 924 136 „57--

86 191 218 250 possit
249 187 364 232 alteri
394 186 551 230 subiici.
583 187 677 231 Imo
709 185 907 229 subiectio
940 183 1076 241 aliqua
1106 181 1362 226 est‘homini
1394 191 1518 223 natu-

86 262 194 316 ralis,
227 260 295 304 vel
326 260 543 317 supposito
576 257 753 301 naturali
783 256 921 300 modo¹
947 254 1240 313 generationis,
1272 264 1317 295 ut
1349 264 1408 295 est
1431 250 1521 294 sub-

86 334 208 377 iectio
241 330 315 374 filii
346 329 397 374 ad
429 342 603 387 patrem,
648 327 716 371 vel
757 327 971 384 supposito
1004 325 1146 382 aliquo
1181 336 1318 381 pacto,
1366 335 1410 365 ut
1459 334 1521 365 est

85 403 286 447 subiectio
318 402 460 444 uxoris
502 399 552 444 ad
599 401 750 442 virum.
782 399 851 441 Sic
897 413 1014 455 ergo,
1064 397 1276 454 supposita
1324 396 1520 438 societate

85 474 209 528 civili,
243 472 440 517 subiectio
476 471 735 530 singularum
766 484 1039 527 personarum
1070 467 1121 512 ad
1152 466 1362 525 publicam
1399 477 1517 523 pote-

84 558 233 590 statem
279 561 350 588 seu
381 545 663 602 principatum
694 542 925 600 politicum,
958 540 1151 584 naturalis
1185 552 1258 593 est,
1302 551 1518 595 tamquam

83 629 360 661 consentanea
394 627 528 658 rectae
575 612 725 657 ratio'ni
772 625 813 656 et
846 612 897 656 ad
944 613 1264 655 convenientem
1312 610 1517 653 humanae

82 700 249 732 naturae
281 687 644 730 conservationem
675 685 917 728 necessaria.
948 684 999 726 Et
1041 683 1136 727 ideo
1184 698 1318 739 neque
1365 679 1516 723 condi-

81 761 188 804 tioni
218 760 403 803 hominis
435 759 537 802 haec
569 758 768 801 subiectio
801 768 1016 813 repugnat,
1049 771 1183 812 neque
1217 755 1342 797 etiam
1374 754 1417 795 in
1449 752 1517 795 ali-

82 848 208 890 quam
240 832 319 875 Dei
352 832 544 875 iniuriam
578 828 803 874 redundat:
837 829 932 885 quia
964 828 1060 870 licet
1097 827 1292 883 Princeps
1324 825 1515 883 politicus

81 905 124 947 in
157 903 289 961 gradu
321 918 397 945 suo
431 903 481 944 sit
512 918 598 955 rex,
633 900 845 958 legislator
876 913 915 943 et
948 900 1155 954 dominus,
1199 901 1328 957 longe
1375 912 1513 942 tamen

81 974 246 1018 diverso
280 985 319 1016 et
354 972 540 1016 inferiori
570 972 719 1026 modo,
762 987 888 1029 quam
936 971 1061 1017 Deus.
1111 974 1224 1016 Nam
1257 972 1306 1015 de
1339 971 1513 1014 homine

78 1042 218 1085 solum
250 1058 323 1099 per
354 1043 717 1100 participationem
748 1044 973 1101 quamdam
1006 1057 1221 1101 tamquam
1244 1042 1293 1085 de
1328 1042 1512 1084 ministro

78 1114 157 1157 Dei
188 1113 289 1157 haec
323 1113 537 1158 dicuntur:
570 1114 649 1158 soli
682 1127 821 1158 autem
853 1116 947 1158 Deo
979 1131 1052 1173 per
1084 1114 1304 1158 essentiam
1336 1124 1376 1154 et
1398 1112 1510 1169 prin-

75 1184 260 1243 cipaliter
293 1187 562 1230 conveniunt.
598 1204 618 1226 »
653 1187 766 1229 Haec
798 1199 1016 1230 notentur:
1040 1188 1225 1244 superior
1247 1198 1306 1228 est
1328 1185 1510 1228 minister

81 1258 173 1301 Dei.
208 1259 266 1301 Ut
299 1257 490 1315 dignitati
521 1269 689 1301 naturae
722 1257 928 1301 humanae
970 1273 1056 1301 non
1099 1270 1301 1315 repugnat
1330 1255 1510 1298 subiectio

79 1328 178 1382 Deo,
212 1329 269 1371 sic
301 1344 352 1371 ne
386 1340 589 1386 repugnat
624 1328 795 1385 quidem
825 1328 1004 1372 subiectio
1037 1330 1220 1371 ministro
1255 1328 1346 1370 Dei.
1370 1326 1508 1370 Subie-

76 1401 173 1454 ctio‚
218 1415 322 1457 quae
364 1399 558 1457 deprimit
602 1399 836 1454 hominem,
870 1413 929 1443 est
965 1400 1162 1443 subiectio
1195 1400 1310 1442 alteri
1342 1399 1508 1442 homini

77 1487 158 1529 qua
189 1472 272 1515 tali.

284 1542 327 1601 h)
357 1543 563 1601 Dignitati
595 1556 762 1588 naturae
794 1545 999 1587 humanae
1031 1560 1081 1587 ne
1110 1543 1178 1586 illa
1200 1543 1368 1601 quidem
1391 1558 1506 1599 repu-

74 1628 174 1673 gnat
207 1615 419 1669 subiectio,
462 1631 542 1672 qua
574 1617 664 1673 quis
695 1615 834 1674 absque
859 1619 1024 1675 praevio
1055 1632 1123 1659 5110
1156 1631 1342 1659 consensu
1372 1627 1505 1658 tenea-

70 1698 139 1729 tur
170 1686 287 1729 alteri
319 1685 495 1729 subesse.
531 1712 584 1718 —
601 1687 697 1730 Sive
718 1689 831 1730 enim
855 1688 953 1730 velit
974 1689 1059 1730 sive
1081 1687 1198 1740 nolit,
1219 1686 1323 1729 filius
1344 1697 1504 1729 tenetur

73 1757 328 1815 obligatione
359 1757 530 1816 parendi
560 1759 809 1815 parentibus,
843 1760 942 1801 civis
975 1757 1280 1815 magistratibus
1312 1757 1502 1815 politicis,

73 1845 95 1872 a
127 1829 273 1887 quibus
304 1831 608 1887 protectionem
641 1832 787 1887 accipit
818 1843 858 1873 et
890 1830 1074 1873 tutelam.
1108 1831 1246 1883 Secus,
1280 1829 1503 1873 dicendum

71 1900 192 1955 foret,
237 1915 308 1943 eos
352 1900 521 1957 quidem
570 1902 640 1958 qui
671 1902 795 1958 primi
838 1901 956 1944 civile
1004 1903 1263 1944 consortium
1310 1902 1500 1944 inierunt,

71 1971 286 2016 adstrictos
319 1971 454 2025 fuisse,
480 1987 735 2015 successores
767 1986 903 2016 autem
927 1973 1146 2030 plerosque
1167 1985 1384 2030 exemptos
1411 1988 1500 2015 esse

69 2042 120 2086 ab
140 2043 394 2101 obligatione
411 2043 585 2100 parendi
602 2044 864 2101 principibus.
884 2045 1048 2087 Etenim
1067 2046 1092 2087 ii
1111 2045 1279 2102 quidem
1299 2044 1500 2088 dederunt

69 2129 334 2168 consensum,
367 2131 417 2158 ex
450 2115 537 2158 aliis
572 2128 711 2158 autem
742 2116 926 2173 plerique
958 2131 1045 2158 non
1077 2116 1276 2160 dederunt
1303 2116 1370 2159 vel
1392 2128 1499 2160 certe

69 2201 156 2229 non
183 2185 385 2230 dederunt
416 2186 681 2241 liberrimum,
715 2187 880 2244 qualem
914 2188 972 2229 rei
1004 2187 1053 2231 de
1087 2203 1167 2244 qua
1197 2189 1333 2245 agitur
1354 2199 1498 2231 natura

67 2258 210 2315 exigit:
229 2259 365 2315 agitur
380 2258 532 2302 scilicet
551 2259 600 2303 de
621 2259 804 2301 cessione
825 2260 1016 2301 omnium
1033 2260 1195 2302 iurium.
1213 2259 1260 2303 Id
1273 2275 1360 2302 non
1372 2273 1496 2317 negat

66 2329 292 2383 Rousseau,
306 2331 375 2388 qui
393 2332 447 2374 ait
462 2330 543 2390 (1):
568 2348 587 2371 «
603 2331 899 2373 L'association
917 2330 1036 2374 civile
1053 2343 1111 2374 est
1129 2331 1248 2375 l'acte
1267 2332 1321 2376 du
1339 2332 1495 2376 monde

67 2440 174 2448 ——.

135 2467 192 2512 (1)
219 2469 346 2503 Contr.
373 2481 446 2503 soc.
475 2469 496 2503 l.
524 2469 587 2503 IV.
615 2481 644 2503 c.
674 2479 705 2503 2.
