1705 2787
125 166 196 212 cui
230 163 396 210 iterum
429 163 631 209 nuberet.
666 166 726 208 At
758 165 919 208 mulier
967 162 1213 210 iuventutis
1249 161 1358 209 flore
1396 163 1553 209 orbata

123 255 170 283 ac
204 237 509 296 praerogativa
541 237 809 293 virginitatis
835 252 986 280 carens
1010 238 1082 280 vix
1105 249 1256 294 posset
1280 253 1415 280 novas
1436 238 1548 280 inire

123 309 315 366 nuptias.
342 308 494 360 Quare
529 319 730 350 maneret
763 307 974 350 destituta
999 307 1159 350 solatio
1182 307 1259 351 illo
1294 319 1336 351 et
1369 308 1552 364 auxilio,

124 395 214 438 quo
233 378 394 422 mulier
427 377 573 420 multo
594 378 692 435 plus
717 393 850 435 quam
874 379 940 422 vir
965 378 1146 436 indiget:
1174 394 1315 437 eoque
1338 378 1551 422 destituta

123 461 324 494 maneret
358 461 480 505 tunc,
514 464 655 506 quum
691 464 743 491 eo
777 448 977 492 subsidio
1012 451 1152 506 magis
1186 449 1356 507 indiget
1384 449 1472 508 (1).

242 521 284 580 c)
317 521 475 578 Neque
495 519 943 576 praetermittendum
974 532 1038 562 est
1061 533 1394 577 argumentum,
1429 519 1550 578 quod

123 593 294 636 eruitur
329 607 381 634 ex
416 589 534 633 bono
568 591 792 633 societatis
838 591 992 647 civilis,
1043 593 1168 634 cuius
1203 591 1446 635 domestica
1480 607 1550 634 so-

123 664 256 706 cietas
290 674 355 705 est
388 676 486 719 pars
521 661 748 703 naturalis.
786 661 904 704 Cum
939 662 1105 705 scilicet
1138 662 1303 705 familia
1335 664 1392 706 sit
1421 674 1548 706 natu-

123 733 271 776 raliter
306 732 508 776 ordinata
560 730 612 774 ad
656 732 875 774 maiorem
924 733 1199 789 societatem,
1250 749 1362 791 quae
1397 734 1549 777 civitas

124 803 301 859 dicitur,
337 801 672 857 efformandam,
707 817 798 844 non
834 801 962 845 debet
986 804 1045 845 ita
1078 819 1172 845 esse
1207 805 1465 860 constituta,
1501 816 1549 848 ut

123 875 286 917 maiori
319 873 383 916 illi
417 873 618 915 societati
652 873 708 915 sit
742 872 1084 930 impedimento,
1120 875 1363 931 quominus
1412 873 1549 917 finem

123 960 256 988 suum
291 944 540 1002 proprium,
576 945 652 1001 qui
685 945 730 986 in
765 959 869 1000 pace
904 946 1139 988 securitate
1173 961 1220 988 ac
1253 948 1546 1004 prosperitate

122 1018 236 1060 vitae
269 1016 488 1072 consistit,
523 1016 841 1058 convenienter
876 1029 1151 1074 assequatur.
1185 1019 1323 1075 Atqui
1347 1019 1407 1061 sic
1433 1030 1547 1062 esset

121 1087 287 1131 familia
321 1087 580 1143 constituta,
614 1086 753 1129 semel
785 1086 975 1129 admissa
1015 1088 1203 1131 liceitate
1252 1089 1430 1132 divortii
1469 1105 1546 1132 seu

122 1161 362 1203 intrinseca
409 1159 607 1216 coniugii
655 1158 941 1202 solubilitate.
986 1161 1188 1203 Divortia
1237 1162 1356 1206 enim
1405 1177 1547 1219 saepe,

122 1233 265 1276 immo
299 1230 498 1289 quotidie
533 1230 704 1274 fierent:
735 1230 965 1288 quodlibet
989 1245 1138 1274 autem
1162 1232 1405 1276 divortium
1434 1232 1547 1276 foret

122 1303 237 1346 inter
257 1303 469 1359 coniuges
505 1313 547 1344 et
581 1303 814 1359 utriusque
849 1303 1051 1359 coniugis
1086 1305 1362 1361 propinquos
1382 1303 1546 1347 discor-

123 1373 297 1418 diarum
317 1389 484 1416 semen:
519 1371 774 1431 frequentes
808 1375 944 1430 igitur
978 1389 1025 1415 ac
1058 1389 1211 1431 graves
1245 1376 1290 1418 in
1325 1375 1440 1418 civili
1475 1391 1545 1418 so-

124 1446 279 1489 cietate
316 1444 617 1488 dissensiones
652 1460 698 1487 ac
733 1445 830 1488 lites
866 1458 1157 1502 exsurgerent
1176 1445 1263 1505 (2).

171 1632 216 1675 (1)
243 1631 419 1665 Miseram
446 1630 604 1665 mulieris
624 1642 643 1665 a
661 1631 738 1665 viro
760 1632 928 1665 dimissae
956 1632 1203 1667 conditionem
1223 1634 1388 1670 describit
1409 1646 1434 1670 S.
1454 1635 1546 1670 Am·-

121 1691 272 1734 brosius,
299 1691 335 1725 in
362 1691 445 1725 Luc.
472 1691 567 1725 VIII.
594 1701 638 1734 4.,
655 1691 754 1725 hisce
782 1692 915 1725 verbis:
939 1694 1053 1733 «Quo
1076 1704 1155 1726 cum
1182 1695 1337 1739 parvulis
1366 1695 1461 1730 foeta
1489 1697 1543 1730 di-

123 1752 296 1786 mittitur?
324 1753 408 1793 Quo
443 1752 608 1786 titubanti
649 1753 804 1797 vestigio
843 1753 1048 1798 grandaeva
1087 1754 1306 1789 detruditur?
1345 1757 1474 1799 Durus,
1514 1757 1543 1790 si

124 1811 290 1846 excludas
315 1821 514 1857 parentem,
540 1812 691 1858 pignora
710 1821 845 1854 teneaS‚
865 1822 902 1846 ut
921 1813 963 1846 ad
983 1814 1240 1848 contumeliam
1259 1816 1413 1850 caritatis
1434 1816 1543 1851 addas

124 1871 233 1906 etiam
258 1872 400 1916 pietatis
427 1872 603 1906 iniuriam.
632 1873 761 1914 Durus,
789 1872 816 1905 si
844 1881 988 1916 propter
1014 1882 1167 1907 matrem
1195 1875 1304 1908 etiam
1323 1875 1415 1909 filios
1436 1875 1543 1910 simul

122 1931 246 1978 pellas,
274 1943 356 1966 cum
382 1933 497 1978 magis
524 1933 702 1966 redimere
730 1945 748 1966 a
775 1942 874 1978 patre
902 1933 1000 1966 liberi
1028 1934 1182 1969 debeant
1209 1935 1348 1980 culpam
1375 1938 1543 1981 parentis.

125 1993 246 2034 Quam
271 1992 526 2037 periculosum,
554 1993 582 2026 si
602 1992 765 2038 fragilem
787 1992 1078 2027 adolescentulae
1099 2003 1255 2029 aetatem
1274 1996 1383 2029 errori
1402 1996 1544 2031 offeras!

125 2051 247 2092 Quam
272 2051 433 2096 impium,
449 2051 477 2085 si
505 2052 580 2085 eius
608 2051 781 2085 destituas
810 2061 1045 2094 senectutem,
1061 2053 1160 2086 cuius
1180 2053 1411 2088 defloraveris
1427 2055 1548 2089 iuven-

125 2112 249 2145 tutem!
270 2112 366 2157 Ergo
380 2111 606 2145 inhonoratis
622 2112 808 2156 stipendiis
825 2120 857 2145 et
872 2121 1083 2146 veteranum
1098 2113 1293 2158 imperator
1319 2114 1473 2150 dimittat
1491 2116 1547 2149 in·-

124 2170 290 2218 glorium,
319 2181 425 2218 atque
452 2172 591 2217 imperii
621 2173 673 2206 sui
702 2173 934 2217 possessione
962 2173 1137 2216 detrudat,
1166 2183 1200 2208 et
1227 2175 1397 2209 rusticum
1417 2175 1547 2210 laboris

124 2231 179 2265 sui
217 2231 389 2266 effoetum
429 2243 516 2277 agro
543 2244 608 2265 suo
648 2231 830 2277 propulset
867 2232 1047 2277 agricola?
1086 2234 1142 2268 An
1182 2235 1277 2279 quod
1316 2235 1351 2268 in
1384 2236 1545 2271 subditos

124 2291 226 2327 nefas
256 2301 320 2335 est,
347 2292 384 2326 in
414 2303 623 2337 comparem
649 2291 701 2326 fas
731 2292 808 2325 est?
835 2306 850 2323 »

172 2356 218 2396 (2)
245 2353 294 2387 Ut
321 2354 368 2388 ait
395 2353 587 2399 Taparelli,
616 2365 708 2388 corso
729 2353 821 2386 elem.
842 2364 912 2387 ecc.
932 2365 1028 2388 num.
1050 2365 1138 2400 347„
1160 2367 1174 2385 a
1193 2354 1244 2389 sra
1263 2355 1309 2401 gli
1328 2355 1541 2401 argomenti‚

124 2412 190 2449 che
204 2413 232 2448 si
249 2425 421 2449 arrecano
435 2426 498 2461 per
514 2414 813 2449 l'indissolubilita
828 2414 884 2449 del
903 2416 1409 2462 matrimonio,urgentissimo
1425 2417 1443 2450 e
1461 2415 1544 2450 l’ar-

124 2484 300 2521 gomento
320 2475 487 2510 sociale...
508 2477 557 2511 La
576 2475 810 2510 dissolubilitii
830 2475 885 2510 del
904 2477 1136 2510 matrimonio
1156 2478 1174 2511 e
1194 2475 1292 2511 sonte
1312 2476 1344 2510 di
1367 2476 1543 2512 discordie
