1705 2787
718 94 977 127 *111³*

224 184 300 234 VI.
335 186 552 246 Quaeres,
587 202 740 233 utrum
774 191 984 247 Princeps
1019 189 1159 233 civilis
1193 182 1311 232 relata
1335 184 1389 232 ad
1412 187 1552 233 subdi}

136 271 194 306 tos
228 277 310 305 non
351 261 610 306 Christianos
645 263 786 319 possit
808 263 923 305 iusta
947 261 999 305 de
1023 277 1153 304 causa
1176 262 1450 305 constituere
1474 263 1558 305 im-

133 331 387 390 pedimenta
406 332 748 374 matrimonium
764 331 1019 375 dirimentia
1041 333 1123 374 ’ἓ-
1145 330 1382 374 Affirmant
1407 331 1554 388 multi,

133 415 181 446 ut
214 401 362 446 videre
396 415 462 445 est
495 401 611 460 apud
645 402 1153 460 Schmalzgrueber(1),
1178 403 1254 460 qui
1278 401 1410 446 addit:
1439 404 1561 447 «Ra-

131 474 194 516 tio
228 485 294 516 est
327 471 542 530 expedita:
577 473 680 530 quia
713 474 1001 516 matrimonia
1034 472 1284 516 infidelium
1320 488 1412 516 non
1452 485 1558 517 sunt

130 556 476 600 sacramentum,
509 542 585 586 sed
619 556 873 586 contractus
909 559 1029 586 mere
1063 544 1217 587 civilis.
1252 544 1393 601 Igitur
1438 545 1553 587 sicut

128 614 328 658 infideles
362 615 573 672 potestati
607 614 876 672 legislativae
901 630 1088 658 suorum
1109 616 1370 673 Principum
1385 631 1432 659 ac
1455 616 1550 659 Ma-

127 688 398 744 gistratuum
447 685 635 730 subiecti
679 700 784 730 sunt
828 687 975 745 quoad
1024 688 1133 731 alios
1183 701 1456 745 contractus,
1491 690 1553 732 ita

126 759 260 800 etiam
292 756 439 815 quoad
474 758 832 800 matrimonium.
889 759 1107 801 Poterunt
1156 758 1345 815 proinde
1395 760 1484 817 isti,
1521 760 1557 802 si

128 830 188 872 ita
213 827 383 871 bonum
416 827 701 886 Reipublicae
736 844 977 872 commune
1012 828 1212 873 videatur
1247 832 1438 887 exigere,
1462 846 1554 873 cer-

128 912 219 943 tam
253 898 445 942 formam
479 912 521 941 et
555 899 861 942 solemnitates
896 901 1198 942 matrimoniis
1223 900 1404 943 illorum
1429 916 1552 958 prae-

127 969 333 1026 scribere,
368 985 534 1028 eosque
567 970 620 1013 ad
654 986 702 1014 ea
736 970 1041 1014 contrahenda
1076 971 1306 1014 habilitare
1340 972 1408 1015 vel
1432 972 1555 1015 inha-

131 1042 343 1085 bilitate.»
372 1069 424 1073 —
445 1042 534 1085 Alii
567 1055 732 1099 tamen,
767 1044 919 1100 magni
953 1044 1086 1085 etiam
1111 1045 1324 1099 nominiS,
1350 1043 1555 1087 doctores

125 1125 290 1171 negant
324 1112 411 1172 (2).
447 1115 505 1156 Hi
540 1115 654 1157 inter
688 1127 869 1170 ceteras,
904 1130 1011 1172 quas
1037 1114 1240 1171 afferunt,
1262 1116 1457 1157 rationes
1484 1131 1554 1158 ur-

127 1198 232 1243 gent
267 1185 392 1229 hanc:
428 1186 789 1242 Matrimonium,
845 1188 926 1228 etsi
961 1187 1073 1229 ratio
1107 1187 1371 1229 sacramenti
1422 1186 1550 1243 desit,

125 1269 190 1299 est
224 1269 383 1313 natura
432 1272 509 1300 sua
554 1269 809 1300 contractus
854 1273 989 1314 sacer,
1040 1274 1105 1300 res
1141 1273 1275 1300 sacra.
1311 1258 1427 1300 Hinc
1462 1273 1553 1300 non

123 1327 341 1386 dependet
374 1328 426 1371 ab
445 1330 709 1372 auctoritate
743 1330 875 1385 civili,
915 1346 1026 1388 quae
1047 1343 1111 1372 est
1136 1328 1188 1373 ad
1214 1329 1350 1372 finem
1376 1342 1551 1387 tempo-

122 1400 259 1443 ralem
308 1400 642 1458 procurandum
696 1402 915 1444 instituta.
962 1403 1081 1459 Ergo
1132 1402 1476 1446 matrimonium
1510 1403 1549 1445 ei

121 1486 213 1514 non
246 1472 443 1515 subiacet
477 1472 622 1530 quoad
646 1474 795 1530 ipsum
829 1473 1075 1528 vinculum,
1111 1472 1185 1515 sed
1220 1472 1369 1515 solum
1403 1471 1552 1529 quoad

124 1543 304 1587 effectus
340 1544 489 1587 civiles
513 1544 602 1603 (3).
625 1571 677 1576 -
698 1545 775 1587 Est
796 1545 932 1602 igitur
954 1545 1033 1586 hac
1058 1544 1110 1587 de
1137 1560 1180 1586 re
1200 1545 1315 1586 inter
1339 1543 1551 1601 probatos

168 1757 213 1797 (1)
240 1755 278 1789 L.
306 1756 366 1790 IV.
395 1755 465 1790 Tit.
498 1767 525 1790 1.
553 1768 651 1790 num.
682 1755 758 1802 367.
787 1756 1109 1801 Schmalzgrueber
1129 1755 1248 1802 plures
1269 1757 1354 1791 citat
1375 1764 1552 1797 auctores,

118 1823 153 1848 et
179 1815 295 1859 primo
323 1814 404 1849 loco
432 1828 459 1850 s.
487 1816 683 1858 Thomam,
701 1817 760 1850 [V.
789 1826 878 1850 sent.
908 1817 986 1851 dist.
1019 1828 1069 1862 39.
1098 1828 1129 1861 q.
1163 1827 1189 1850 1.
1220 1828 1249 1850 a.
1271 1827 1300 1849 2.
1323 1816 1365 1849 ad
1393 1827 1442 1859 3.:
1466 1828 1480 1845 «
1499 1816 1553 1848 In-

117 1882 171 1907 ter
197 1874 361 1908 infideles
389 1884 443 1909 est
470 1876 754 1917 matrimonium,
789 1885 825 1909 ut
861 1876 994 1910 dictum
1024 1886 1087 1917 est,
1129 1884 1235 1920 prout
1279 1874 1551 1909 matrimonium

118 1942 173 1967 est
198 1934 233 1967 in
261 1934 421 1968 officium
447 1944 607 1969 naturae.
636 1936 687 1969 Ea
716 1945 848 1977 autem,
877 1947 968 1980 quae
996 1936 1176 1980 pertinent
1204 1934 1246 1969 ad
1269 1934 1385 1980 legem
1403 1943 1550 1968 naturae

116 2001 196 2026 sunt
225 1993 512 2028 determinabilia
539 2005 604 2039 per
637 1994 690 2027 ius
732 1995 948 2039 positivuni3
986 2004 1020 2028 et
1056 1994 1138 2027 ideo
1178 1995 1205 2027 si
1247 1993 1481 2038 prohibentur
1509 1993 1550 2026 ab

118 2050 237 2097 aliquo
264 2053 340 2087 iure
367 2053 525 2098 positivo
556 2054 648 2099 apud
677 2066 740 2087 eos
767 2053 931 2087 infideles
953 2054 1166 2088 contrahere
1183 2054 1453 2087 matrimonium
1470 2064 1551 2086 cum

115 2110 318 2146 infidelibus
347 2112 491 2147 alterius
519 2113 618 2155 ritus,
647 2114 834 2157 disparitas
863 2114 977 2148 cultus
997 2114 1146 2158 impedit
1166 2113 1438 2147 matrimonium
1457 2113 1550 2146 inter

117 2182 191 2206 eos.
218 2173 269 2206 Ex
295 2173 370 2207 iure
399 2175 495 2207 enim
524 2175 646 2207 divino
675 2186 747 2207 non
789 2174 1041 2218 probibentur:
1069 2174 1152 2218 quia
1193 2173 1285 2217 apud
1325 2174 1444 2206 Deum
1477 2184 1549 2205 non

116 2232 234 2268 differt
260 2233 554 2280 qualitercunque
575 2235 701 2280 aliquis
731 2246 749 2267 a
778 2234 847 2267 lide
876 2235 996 2267 deviet
1024 2243 1197 2279 quantum
1218 2233 1261 2266 ad
1280 2233 1349 2266 hoc
1378 2232 1473 2278 quod
1494 2241 1548 2266 est

116 2307 135 2330 a
161 2295 276 2341 gratia
302 2295 459 2331 alienum
487 2308 577 2330 csse.
605 2296 778 2330 Similiter
804 2307 870 2329 nec
899 2295 1018 2340 aliquo
1059 2293 1242 2329 Ecclesiae
1282 2304 1429 2336 statuto,
1459 2304 1549 2338 quae

113 2367 188 2391 non
215 2356 323 2392 habet
349 2357 393 2391 de
419 2358 485 2400 his,
513 2369 605 2403 quae
635 2357 719 2391 foris
748 2366 840 2398 sunt,
871 2357 1037 2391 iudicare.
1068 2370 1084 2388 »

161 2420 207 2461 (2)
236 2416 292 2452 Cf.
319 2419 488 2461 Permue,
517 2420 560 2452 de
589 2427 689 2453 matr.
718 2418 837 2452 christ.
867 2417 886 2451 l.
918 2418 961 2453 Il.
988 2428 1073 2454 sect.
1103 2418 1161 2453 alt.
1190 2430 1265 2463 cap.
1295 2418 1354 2452 111.

161 2479 212 2523 (3)
240 2479 318 2514 Hoc
347 2491 601 2527 argumentum
628 2483 772 2527 exponit
800 2482 1019 2523 Libe-ratore,
1038 2483 1091 2516 ius
1112 2492 1183 2517 nat.
1203 2490 1292 2526 part.
1314 2480 1354 2513 ΙΙ.
1375 2490 1472 2514 num.
1494 2489 1546 2524 17.
