1705 2787
775 66 1035 109 —288—

283 178 414 227 Nam,
453 186 499 218 ut
533 175 708 217 disserit
743 174 903 216 Suarez
939 172 1026 231 (Ι),
1064 191 1083 212 «
1112 171 1163 215 de
1198 173 1368 214 ratione
1403 171 1509 228 legis
1534 184 1613 229 est,

195 261 241 292 ut
277 249 364 291 vini
400 246 556 289 habeat
591 245 829 301 obligandi.
865 246 909 288 Si
943 258 1091 288 autem
1125 244 1311 302 pendeat
1346 262 1396 287 ex
1418 256 1613 302 accepta-

195 322 316 363 tione
351 317 651 373 subditorum,
677 319 762 360 iam
798 333 887 359 non
938 329 1028 359 tam
1062 318 1153 373 ipsa
1200 316 1429 373 obligaret,
1479 330 1611 374 quam

194 392 276 449 ipsi
311 389 475 433 subditi
509 390 758 434 voluntarie
793 404 837 430 se
872 387 1187 431 submitterent
1211 389 1308 445 legi.
1337 406 1355 428 ))
1383 388 1493 431 Aliis
1518 403 1611 431 vcr-

196 464 274 515 bis,
309 461 581 505 rationabilis
616 461 820 503 voluntas
855 461 1080 517 principis,
1104 459 1355 516 perfectam,
1379 471 1426 502 ut
1450 475 1613 517 suppo-

197 535 362 589 nimus,
396 544 661 591 potestatem
708 531 924 588 habentis,
959 542 1023 574 est
1058 547 1185 574 causa
1233 531 1470 589 adaequata
1504 531 1611 588 legis

197 620 238 650 et
273 605 573 663 obligationis.
609 605 759 662 Atqui,
794 605 935 661 posita
971 619 1100 647 causa
1134 603 1387 661 adaequata,
1411 603 1611 661 sequitur

196 677 386 720 effectus
413 678 545 733 Ergo,
570 676 712 733 posita
736 674 986 718 rationabili
1011 675 1219 732 principis
1244 673 1489 729 voluntate,
1523 672 1611 717 suf-

196 746 395 790 ficienter
443 747 580 802 signis
631 747 821 788 externis
872 744 1162 800 manifestata,
1210 745 1410 801 sequitur
1459 743 1527 787 lex
1571 754 1611 786 et

200 816 428 875 obligatio,
464 819 535 861 cui
569 819 658 861 sive
698 817 802 860 velit
837 817 926 859 sive
961 816 1073 859 nolit
1122 816 1313 873 populus
1362 813 1612 858 subiicitur.

282 891 385 932 Duo
421 887 615 931 obiit-ies.
652 915 703 919 -—
746 887 804 946 1.)
853 887 1013 944 Populi
1060 900 1209 930 tamen
1259 886 1500 943 acceptatio
1533 885 1608 929 ali-

196 959 372 1017 quando
408 959 664 1017 requiritur.
700 959 763 1017 2.)
798 957 843 1001 ld
868 959 1001 1000 etiam
1035 957 1208 1000 videtur
1242 958 1470 1000 insinuare
1505 957 1613 1000 Gra-

196 1031 342 1073 tianus
392 1029 622 1086 inquiens:
659 1041 765 1071 tunc
802 1028 918 1085 leges
962 1028 1150 1083 institui,
1196 1026 1373 1084 quando
1413 1025 1611 1084 promul-

197 1111 372 1156 gantur,
407 1098 575 1142 firmari
609 1111 772 1149 autem,
808 1097 985 1156 quando
1020 1097 1219 1139 moribus
1244 1097 1532 1153 recipiuntur.
1558 1089 1610 1127 1-—

198 1170 478 1228 Respondeo.
514 1170 581 1213 Ad
621 1172 710 1229 Lm)
745 1172 779 1212 si
814 1170 966 1227 populi
1001 1169 1241 1226 acceptatio
1275 1167 1511 1225 aliquando
1546 1183 1611 1210 re-

198 1242 404 1298 quiritur,
424 1239 466 1283 id
492 1241 572 1282 erit
596 1240 664 1282 vel
683 1251 862 1296 propter
881 1238 1185 1296 imperfectam
1205 1249 1470 1295 potestatem
1495 1238 1612 1294 prin-

199 1314 321 1371 cipis,
357 1314 431 1371 qui
475 1324 651 1355 tantum
686 1310 766 1354 sub
812 1311 890 1353 hac
936 1310 1192 1353 conditione
1236 1322 1277 1351 et
1321 1307 1612 1365 dependentia

199 1396 465 1441 potestatem
499 1382 724 1439 legiferam
760 1381 904 1437 habet,
948 1382 1013 1424 vel
1050 1397 1100 1423 ex
1136 1380 1406 1437 benignitate
1441 1379 1611 1435 legisla—

195 1457 323 1511 toris,
358 1456 433 1512 qui
468 1470 559 1497 non
593 1453 687 1496 vult
722 1454 785 1496 uti
820 1468 897 1495 sua
932 1452 1132 1494 absoluta
1167 1462 1383 1508 potestate
1418 1450 1504 1508 (2).
1543 1448 1610 1492 Ad

198 1528 293 1585 2¹¹¹)
326 1525 505 1584 quando
540 1524 700 1568 dicitur
735 1524 802 1566 lex
837 1524 1031 1566 humana
1067 1522 1234 1565 firmari
1258 1520 1459 1564 moribus
1486 1532 1612 1563 uten—

199 1600 328 1654 tium,
362 1597 403 1641 id
437 1613 526 1639 non
563 1609 652 1639 tam
686 1598 795 1652 iure,
830 1611 963 1654 quam
999 1594 1111 1637 facto
1145 1593 1489 1651 intelligendum
1536 1605 1614 1635 est.

293 1670 385 1712 180.
421 1669 665 1712 sfflouosi.
700 1670 955 1725 Antequam
989 1665 1039 1709 ad
1074 1667 1382 1724 quaestionem
1417 1664 1468 1707 de
1492 1675 1614 1721 pote-

201 1754 310 1784 state
358 1741 583 1784 iudiciaria
642 1754 934 1795 transeamus,
984 1752 1047 1780 est
1099 1738 1286 1789 brevite)¹
1336 1736 1386 1779 de
1436 1735 1613 1779 duobus

200 1811 423 1868 agendum
458 1827 503 1854 ac
538 1812 683 1868 primo
718 1810 769 1853 de
795 1809 980 1866 legibus,
1006 1824 1115 1866 quae
1135 1806 1611 1864 dicunturfundamen-

199 1883 318 1926 tales:
354 1882 459 1940 quid
493 1883 596 1938 sint,
630 1894 759 1939 atque
793 1897 848 1923 an
882 1880 1046 1923 mutari
1080 1880 1266 1936 possint,
1301 1890 1342 1920 et
1367 1877 1611 1935 quomodo.

319 1955 350 1997 l.
384 1956 474 1997 Lex
507 1954 733 2009 naturalis,
769 1965 816 1995 ut
850 1952 980 2010 paulo
1015 1963 1115 1994 ante
1140 1950 1331 1993 diximus
1357 1949 1444 2008 (3),
1469 1946 1520 1991 de
1545 1964 1614 1991 so-

202 2027 355 2068 cietate
389 2027 481 2083 ipsa
515 2025 630 2068 civili
665 2023 780 2067 haud
815 2039 949 2081 pauca
983 2021 1252 2080 praescribit.
1278 2022 1370 2063 Hae
1394 2020 1614 2063 naturales

203 2099 572 2155 praescriptiones
607 2110 710 2140 sunt
745 2110 1007 2139 communes
1042 2095 1309 2151 cuicumque
1344 2090 1459 2135 civili
1494 2105 1614 2133 asso-

276 2282 332 2326 (1)
358 2283 442 2316 Loc.
470 2293 564 2327 saep.
593 2282 639 2316 cit
658 2310 665 2324 ,
693 2293 789 2316 num.
818 2292 849 2326 7.

273 2343 329 2387 (2)
356 2343 407 2376 Ita
435 2343 564 2376 Suarez
592 2341 614 2376 l.
641 2353 733 2375 nunc
754 2342 810 2374 cit.
830 2340 960 2374 lisdem
980 2340 1095 2374 verbis
1115 2352 1156 2374 ex
1176 2340 1343 2374 Suaresio
1365 2339 1615 2385 quaestionem

202 2400 307 2435 solvit
336 2401 506 2445 Tarquini
533 2400 554 2433 l.
582 2412 609 2434 c.

274 2461 330 2504 (ς)
357 2461 448 2494 Vide
475 2472 554 2504 pag.
585 2459 662 2504 268,
