1705 2787
123 154 227 213 cipit
263 169 336 200 aut
370 170 503 214 vetat,
538 159 618 202 alia
653 176 757 203 vero
792 161 931 216 magis
957 161 1161 202 minusve
1186 157 1339 202 suadet
1364 170 1438 201 aut
1459 159 1544 201 dis-

121 226 301 271 suadet:
339 228 444 271 haec
478 229 560 271 alia
583 242 772 286 possunt
797 229 1001 287 deinceps
1028 229 1194 272 firmari
1219 231 1405 287 positiva
1432 229 1542 285 lege,

121 311 162 341 et
185 314 260 356 per
291 315 385 342 eam
406 299 528 343 reddi
547 299 826 357 obligatoria,
850 318 925 344 seu
953 300 1073 344 reddi
1093 317 1274 358 prorsus
1296 302 1539 343 necessaria

116 386 227 428 quae
263 370 371 413 fiant
405 383 481 414 aut
516 373 798 415 omittantur.
835 400 887 404 ——
924 373 1188 416 Generalem
1222 373 1427 429 inprimis
1452 384 1538 414 sta-

118 454 296 485 tuemus
332 442 546 498 regulam,
581 444 706 485 cuius
753 459 835 500 ope
884 445 1106 500 possimus
1156 455 1416 501 promptum
1466 459 1537 486 ve-

118 530 308 572 rumque
342 514 455 557 ferre
490 514 705 558 iudicium
740 515 791 558 de
825 516 926 572 illis,
961 532 1070 573 quae
1117 516 1184 558 lex
1232 514 1443 558 naturalis
1492 516 1536 556 in

86 587 331 643 *coniugio
381 587 592 644 praecipit
642 599 716 629 aut
763 599 894 629 vetat.
946 586 1218 630 Huiusmodi
1267 586 1418 643 regula
1460 601 1536 628 seu

117 659 350 701 criterium
385 659 485 701 usui
534 657 664 700 nobis
709 660 791 701 erit
825 658 876 701 ad
912 659 1125 701 naturalia
1160 660 1272 701 circa
1306 658 1536 700 matrimo-

118 730 245 773 nium
297 742 529 787 praecepta
577 729 864 773 discernenda
920 745 965 772 ac
1016 728 1364 772 determinanda.
1415 729 1539 770 Hanc

123 816 257 858 porro
307 801 505 858 regulam
555 800 843 845 desumemus
894 818 943 843 ex
996 818 1028 843 s.
1079 801 1273 857 Thoma,
1318 802 1442 843 cuius
1488 815 1541 842 en

118 871 251 914 verba
286 871 389 929 (1):

211 945 236 965 ‘⁶
271 942 423 986 Omne
458 943 582 1000 illud,
607 942 725 1002 quod
760 945 981 986 actionem
1017 944 1407 986 inconvenientem
1444 941 1538 985 red-

120 1013 183 1057 dit
219 1013 312 1070 fini,
346 1030 479 1072 quem
515 1027 672 1058 natura
707 1032 758 1058 ex
792 1031 923 1072 opere
959 1015 1106 1072 aliquo
1141 1014 1345 1067 intendit,
1381 1026 1535 1056 contra

120 1086 265 1143 legem
300 1098 482 1129 naturae
516 1102 610 1128 esse
635 1086 809 1130 dicitur.
837 1088 987 1129 Potest
1013 1100 1161 1129 autem
1186 1087 1300 1128 actio
1325 1101 1418 1127 esse
1444 1100 1534 1127 non

122 1158 392 1201 conveniens
428 1156 521 1213 fini,
555 1157 623 1200 vel
657 1159 888 1215 principali
924 1158 991 1200 vel
1024 1156 1304 1200 secundario:
1356 1169 1397 1198 et
1446 1157 1535 1199 sive

117 1230 178 1271 sic
213 1231 304 1272 sive
339 1231 414 1285 sic,
450 1229 533 1272 hoc
568 1231 789 1287 contingit
829 1229 1077 1287 dupliciter.
1129 1256 1181 1261 —
1233 1230 1334 1271 Uno
1385 1228 1540 1284 modo,

117 1318 168 1343 ex
206 1301 369 1358 aliquo,
408 1300 527 1359 quod
562 1302 750 1344 omnino
784 1300 969 1358 impedit
1004 1301 1163 1343 finem:
1202 1313 1247 1342 ut
1283 1301 1418 1342 nimiu
1466 1315 1537 1342 su-

120 1372 348 1430 perfluitas
383 1385 458 1415 aut
482 1372 677 1416 defectus
703 1374 992 1415 comestionis
1019 1372 1202 1429 impedit
1227 1372 1415 1414 salutem
1441 1375 1535 1413 cos-

116 1446 252 1502 poris,
287 1446 412 1503 quasi
447 1445 734 1502 principalem
773 1444 907 1487 finem
943 1445 1247 1500 comestioniS,
1282 1457 1323 1486 et
1376 1443 1537 1486 bonam

117 1515 427 1559 habitudinem
462 1517 506 1559 in
544 1518 733 1572 negotiis
769 1515 1038 1571 exercendis,
1084 1517 1158 1573 qui
1209 1528 1272 1557 est
1324 1515 1422 1557 finis
1473 1531 1537 1556 se-

117 1587 370 1631 cundariuS.
407 1615 459 1619 —›
495 1588 595 1630 Alio
631 1587 781 1643 modo,
817 1606 867 1630 ex
901 1588 1063 1645 aliquo,
1105 1587 1222 1644 quod
1276 1586 1374 1629 facit
1425 1586 1535 1630 diffi-

117 1660 245 1702 cilem
280 1673 353 1703 aut
389 1662 537 1703 minus
563 1660 792 1703 decentem
820 1661 1155 1717 perventionem
1181 1659 1231 1701 ad
1259 1659 1391 1701 finem
1418 1660 1535 1715 prin-

117 1732 303 1789 cipalem
350 1732 418 1775 vel
466 1731 803 1775 secundarium:
854 1733 966 1773 sicut
1017 1730 1268 1773 inordinata
1318 1732 1535 1773 comestio

117 1816 334 1862 quantum
370 1803 420 1847 ad
455 1817 630 1861 tempus
665 1803 931 1846 indebitum¹
966 1830 1017 1834 —-
1066 1804 1109 1846 Si
1158 1818 1264 1859 ergo
1315 1804 1429 1844 actio
1480 1804 1534 1845 sit

117 1877 436 1919 inconveniens
473 1876 564 1932 fini,
600 1877 724 1934 quasi
760 1877 946 1917 omnino
983 1874 1224 1932 prohibens
1262 1874 1394 1916 finem
1422 1876 1537 1931 prin-

117 1948 317 2005 cipalem,
352 1947 515 1991 directe
550 1963 625 2005 per
660 1948 801 2004 legem
840 1960 1020 1989 naturae
1066 1946 1327 2003 prohibetur
1378 1947 1533 2002 primis

117 2021 358 2078 praeceptis
394 2019 501 2077 legis
537 2033 735 2075 naturae,
771 2035 880 2076 quae
916 2030 1018 2060 sunt
1054 2019 1097 2059 in
1133 2017 1431 2074 operubilibus
1477 2019 1533 2059 si-

116 2106 190 2136 cut
225 2107 488 2135 comumnes
523 2093 658 2134 animi
694 2092 1007 2147 conceptiones
1049 2092 1090 2131 in
1142 2089 1436 2146 speculativis.
1488 2090 1531 2131 Si

116 2178 264 2208 autem
299 2165 354 2206 sit
388 2165 696 2220 incompetens
734 2162 808 2204 fini
845 2160 1105 2203 secundario
1131 2176 1415 2218 quocumque
1442 2176 1535 2202 mo-

117 2236 188 2294 do,
223 2249 297 2280 aut
331 2238 464 2280 etiam
500 2235 744 2293 principali,
782 2246 828 2275 ut
855 2233 1013 2275 faciens
1040 2232 1261 2274 dillicilem
1289 2232 1353 2274 vel
1382 2232 1529 2273 minus

213 2450 269 2495 (Ι)
297 2450 335 2483 In
364 2448 475 2493 suppl.
504 2460 534 2493 q.
563 2446 615 2490 65.
646 2459 673 2480 α.
707 2457 732 2479 1.
