1705 2787
807 49 1066 90 „1:32„

233 153 391 197 mediis
426 170 446 197 a
502 155 597 197 Deo
632 154 864 206 institutis,
900 165 948 196 ut
985 152 1123 196 homo
1158 153 1333 200 iuvetur
1368 152 1420 197 ad
1456 153 1651 198 Factoris

236 227 301 268 sui
339 227 597 283 sapientiam
636 225 969 283 bonitatemque
1019 226 1158 282 magis
1211 227 1440 284 magisque
1484 241 1649 284 cogno-

236 297 441 340 scendam
477 309 518 339 et
553 295 801 339 amandam.
850 297 882 339 Ii
917 297 1068 352 igitur,
1102 297 1177 354 qui
1212 308 1435 353 praesunt,
1470 295 1646 352 debent,

237 368 393 412 mediis
429 368 608 425 quidem
644 369 786 423 iustis,
821 383 971 424 pacem
1005 383 1050 410 ac
1086 369 1428 425 prosperitatem
1462 369 1506 411 in
1542 369 1644 411 civi-

231 453 317 483 tate
354 455 602 497 procurare:
640 439 717 482 hac
752 456 855 483 vero
891 455 993 497 pace
1037 452 1079 482 et
1135 441 1427 497 prosperitate
1462 439 1646 483 obtenta

228 511 389 555 debent
423 525 516 554 tum
554 513 636 568 ipsi
672 524 767 554 tum
803 513 917 554 cives
953 526 1108 553 ornnes
1154 524 1268 554 recte
1325 513 1402 554 uti.
1439 512 1492 554 Et
1527 523 1644 554 recte

231 596 428 639 utentur,
462 584 495 625 si
532 598 627 625 eam
663 598 683 625 a
720 585 814 626 Deo
851 582 1076 625 bonorum
1110 583 1315 625 omnium
1350 582 1473 625 fonte
1518 598 1637 640 repe-

229 668 322 697 tant
354 667 592 711 acceptam,
628 667 669 697 et
703 654 753 697 ad
789 656 934 697 Deum
972 652 1195 696 bonorum
1249 655 1455 696 omnium
1506 653 1638 696 finem

230 726 452 782 ordinent,
467 726 518 769 ad
537 727 687 783 Ipsum
708 726 874 769 scilicet
889 725 1047 768 melius
1066 740 1112 768 ac
1126 724 1361 782 perfectius
1381 724 1640 770 amandum.

316 798 364 839 In
400 797 585 854 epistola
621 798 762 854 prima
795 796 845 839 ad
882 795 1178 839 Timotheum
1202 795 1274 854 (1)
1308 812 1341 838 s.
1376 796 1538 839 Paulus
1564 812 1644 839 nos

229 866 505 922 adhortatur,
540 880 587 910 ut
623 883 802 909 oremus
848 882 926 923 pro
982 865 1192 908 omnibus
1244 865 1519 921 hominibus,
1567 866 1643 909 sed

228 940 474 999 specialiter
512 958 531 980 ‹<
569 956 648 997 pro
684 939 861 996 regibus
916 951 957 981 et
1008 937 1218 980 omnibus
1253 939 1329 995 qui
1363 939 1407 981 in
1442 937 1643 981 sublimi-

228 1023 315 1053 tate
349 1024 468 1066 sunt,
504 1024 551 1054 ut
585 1012 779 1069 quietam
801 1023 841 1053 et
876 1009 1161 1067 tranquillam
1196 1010 1330 1051 vitam
1364 1025 1563 1066 agamus,
1597 1011 1641 1053 in

230 1082 354 1123 omni
409 1082 568 1137 pietate
623 1094 663 1124 et
698 1082 909 1124 castitate.
962 1097 981 1120 »
1037 1080 1094 1122 Iis
1128 1078 1287 1134 verbis,
1323 1088 1361 1122 nt
1395 1081 1567 1137 quietam
1613 1089 1645 1123 et

227 1151 489 1208 {sanquillam
520 1153 646 1194 vitam
681 1166 867 1208 agmins,
893 1150 1040 1192 innuit
1064 1150 1351 1206 praecipuum
1373 1149 1513 1192 civilis
1533 1165 1637 1193 con-

226 1223 351 1265 sortii
387 1221 538 1277 finem,
573 1223 648 1280 qui
682 1224 724 1265 in
760 1222 994 1264 securitate
1029 1221 1245 1263 consistit.
1280 1220 1358 1263 Illa
1391 1234 1543 1264 autem
1562 1221 1634 1264 ad-

226 1293 288 1336 dit
323 1294 466 1349 verba,
502 1295 541 1337 in
577 1295 688 1336 omni
713 1294 855 1351 pictate
890 1301 920 1335 cl
953 1293 1142 1347 castitate,
1178 1304 1224 1334 ut
1259 1307 1339 1334 nos
1374 1304 1555 1335 moneat
1577 1292 1628 1335 de

226 1382 324 1421 usu,
360 1381 494 1423 quem
527 1365 579 1408 de
613 1378 786 1408 terrena
820 1380 922 1422 pace
957 1379 1031 1421 per
1065 1363 1189 1406 civile
1224 1365 1504 1406 consortium
1553 1363 1629 1407 ob-

227 1449 347 1479 tenta
371 1436 510 1480 facere
533 1436 759 1480 debemus.
782 1454 801 1476 ‹<
829 1436 933 1479 Mali
958 1435 1253 1493 enim,inquit
1279 1451 1310 1477 3.
1333 1434 1534 1477 Thomas
1548 1434 1636 1494 (2),

225 1520 331 1551 tunc
366 1507 417 1552 ad
452 1507 540 1551 duo
575 1524 622 1550 ea
657 1507 908 1550 utebantur.
944 1506 1133 1561 Scilicet,
1167 1505 1219 1549 ad
1254 1506 1425 1549 cultum
1460 1505 1637 1549 daemo-

227 1595 350 1623 num:
387 1581 489 1638 quia
522 1579 643 1622 illam
678 1580 1017 1637 prosperitatem
1051 1576 1168 1620 falsis
1204 1576 1284 1620 diis
1319 1576 1634 1621 attribuebant.

228 1653 355 1707 Item,
390 1650 442 1694 ad
477 1651 714 1705 lasciviam,
749 1651 848 1708 quia
883 1662 1084 1707 tempore
1134 1650 1250 1706 pacis
1300 1650 1403 1692 vitia
1447 1650 1634 1693 carnalia

227 1722 521 1766 abundabant.
557 1722 640 1765 Sed
674 1723 813 1765 sancti
847 1739 867 1763 e
902 1736 1117 1764 converso
1151 1737 1199 1763 ea
1232 1733 1417 1764 utuntur
1440 1722 1483 1763 in
1508 1721 1628 1764 cultu

226 1795 317 1837 veri
351 1795 433 1838 Dei
467 1807 508 1837 et
542 1795 586 1837 in
622 1796 832 1836 castitate.
869 1793 922 1835 Et
956 1791 1054 1835 ideo
1088 1791 1207 1848 dicit,
1261 1794 1301 1835 in
1351 1794 1462 1835 (mini
1487 1794 1630 1850 pietate

233 1875 264 1908 et
296 1867 486 1909 castitate.
514 1883 534 1906 »

314 1939 466 1996 Itaque
500 1939 543 1981 in
580 1937 666 1980 fine
702 1938 888 1980 civitatis
924 1934 1186 1979 stabiliendo
1221 1934 1432 1978 debemus
1467 1947 1634 1978 attente

226 2023 391 2061 cavere,
427 2024 480 2050 ne
508 2017 580 2065 per
616 2023 827 2050 tarcessum
862 2022 969 2049 neve
996 2014 1070 2063 per
1104 2005 1298 2063 defectum
1332 2021 1545 2048 erremus.
1566 2006 1637 2048 In-

226 2090 290 2120 ter
326 2080 509 2136 priores,
544 2080 619 2136 qui
653 2094 728 2136 per
762 2093 991 2120 excessum
1025 2088 1242 2131 errarunt,
1276 2088 1379 2118 sunt
1407 2076 1485 2132 illi,
1521 2092 1632 2133 quos

226 2149 298 2206 (ut
317 2151 400 2192 iam
437 2149 652 2208 vidimus)
677 2161 895 2192 memorat
910 2149 1086 2204 Suarez,
1111 2148 1187 2205 qui
1208 2145 1461 2189 statuebant
1495 2146 1632 2191 finem

226 2220 519 2263 intrinsecum
553 2232 594 2262 et
628 2235 704 2277 per
737 2236 781 2261 se
815 2220 1038 2261 intentum
1091 2217 1228 2260 civilis
1273 2217 1494 2260 societatis
1530 2232 1624 2260 esse

296 2404 352 2448 (1)
381 2404 468 2449 Cap.
496 2405 537 2438 H.
565 2417 598 2437 v.
631 2415 659 2437 2.

298 2465 353 2508 (2)
381 2464 419 2497 ln
447 2472 640 2498 comment.
668 2463 703 2497 in
729 2463 761 2497 h.
