1705 2787
772 81 823 86 ““
860 70 943 111 344
979 81 1029 86 -

196 166 264 208 ille
300 165 373 221 qui
394 162 567 220 publice
602 160 833 204 exhibetur
852 161 1095 219 (siquidem
1126 162 1217 218 ipse
1242 162 1387 204 cultus
1411 162 1608 218 privatus

197 249 338 294 potest
376 234 551 292 publico
588 236 630 276 in
667 233 764 275 loco
798 233 1028 291 exerceri),
1048 232 1137 284 sed,
1162 233 1231 275 ille
1256 234 1330 290 qui
1353 249 1373 275 a
1399 234 1607 276 societate

196 324 279 365 qua
317 308 391 349 tali
426 322 501 348 seu
537 317 635 347 actu
672 305 822 346 sociali
858 303 1092 361 praebetur
1126 306 1237 347 Deo,

284 380 487 421 Iamvero
522 392 613 419 non
647 374 899 431 defuerunt,
934 391 1013 417 nec
1048 375 1210 418 desunt
1239 373 1510 433 philosophi,
1535 376 1611 433 qui

195 448 395 506 quamvis
421 462 501 504 pro
526 446 709 489 homine
735 445 966 502 individuo,
991 444 1048 488 ob
1074 445 1324 488 naturalem
1350 447 1445 488 eius
1469 461 1490 488 a
1515 447 1611 488 Deo

194 518 549 576 dependentium,
568 516 804 560 admittant
820 517 1017 560 naturale
1037 517 1234 561 officium
1255 517 1429 560 colendi
1448 518 1610 571 Deum3

195 590 302 633 illud
337 603 485 632 tamen
522 601 732 646 respuant
766 604 846 645 pro
880 589 1060 631 sociemte
1093 588 1220 644 civili,
1240 604 1285 631 ac
1311 590 1345 630 si
1372 588 1476 631 haec
1499 603 1607 646 quo-

195 678 280 720 que
316 676 404 703 non
440 672 552 702 esset
586 675 608 701 a
653 661 748 702 Deo
777 659 1036 702 naturaliter
1071 659 1337 717 dependens,
1373 660 1430 702 Hi
1463 672 1611 702 errant

194 733 505 776 vehementer:
556 746 678 774 error
727 744 877 774 autem
926 747 977 773 ex
1016 747 1068 773 eo
1118 732 1403 788 potissimum
1452 732 1609 782 oritur,

195 802 313 860 quod
338 802 571 860 politicum
595 802 875 843 consortium
902 801 1091 843 habeant
1114 814 1343 859 tamquam
1369 801 1610 844 humanam

197 874 575 929 adinventionem,
610 888 700 915 non
736 885 883 915 autem
918 874 1249 916 institutionem
1274 874 1385 916 Dei:
1423 872 1611 915 habeant

199 958 427 1002 tamquam
461 945 718 987 societatem
753 944 1031 986 arbitrariam
1067 957 1107 986 et
1143 945 1383 1001 paetitiam,
1418 959 1509 987 non
1537 959 1611 986 au-

199 1030 288 1060 tem
324 1018 618 1059 necessariam
653 1029 694 1059 et
744 1017 991 1059 naturalem
1025 1017 1111 1075 (1).
1146 1016 1257 1059 Illud
1307 1033 1410 1059 sane
1459 1032 1514 1059 ne
1558 1015 1610 1059 de

198 1086 426 1130 arbitraria
445 1086 626 1144 quidem
646 1087 854 1129 societate
879 1087 962 1129 dici
988 1100 1156 1144 potest:
1183 1086 1256 1130 sed
1292 1088 1436 1130 multo
1461 1088 1610 1130 minus

195 1159 247 1202 de
281 1159 476 1215 naturali,
509 1174 622 1218 quae
656 1159 821 1202 scilicet
855 1186 906 1190 —
931 1175 953 1202 a
987 1161 1081 1202 Deo
1106 1159 1303 1216 procedit
1339 1173 1387 1202 ut
1411 1172 1607 1217 auctore,

198 1256 249 1262 —
285 1246 306 1272 a
342 1232 438 1273 Deo
472 1230 634 1273 pendet
669 1243 716 1273 ut
750 1230 1063 1287 gubernatore,
1098 1257 1150 1263 —
1185 1232 1236 1275 ad
1276 1233 1421 1274 Deum
1470 1231 1609 1275 tendit

200 1314 246 1344 ut
281 1300 416 1344 finem
452 1301 680 1344 ultimum.

286 1389 304 1411 «
342 1372 511 1415 Natura
545 1384 586 1414 et
620 1373 732 1414 ratio
767 1371 1115 1429 (sapientissima
1154 1386 1259 1416 sunt
1292 1375 1454 1416 Leonis
1489 1374 1606 1416 XIII.

196 1444 326 1488 verba
360 1445 405 1486 in
430 1444 572 1500 epist.,
596 1443 825 1486 Immortalc
849 1445 951 1503 Dei)
975 1460 1086 1502 quae
1105 1444 1228 1487 iubet
1251 1444 1433 1501 singulos
1458 1457 1607 1488 sancte

195 1517 488 1572 religioseque
522 1516 670 1557 Deum
689 1515 847 1571 colere,
869 1516 987 1573 quod
1012 1517 1055 1558 in
1078 1517 1171 1559 eius
1197 1528 1413 1573 potestate
1437 1531 1609 1572 sumus,

195 1600 235 1630 et
270 1586 389 1645 quod
424 1586 475 1629 ab
511 1602 561 1629 eo
611 1586 810 1645 profecti,
859 1586 910 1629 ad
945 1587 1153 1630 eumdem
1189 1588 1348 1630 reverti
1382 1586 1609 1643 debemus,

195 1658 347 1702 eadem
382 1659 476 1715 lege
514 1658 748 1715 adstringit
797 1658 955 1701 civilem
1003 1659 1338 1701 communitatem.
1390 1659 1608 1701 Homines

195 1730 313 1772 enim
347 1731 552 1771 communi
584 1731 763 1772 socictate
798 1731 1000 1772 coniuncti
1033 1729 1173 1772 nihilo
1221 1741 1326 1771 sunt
1366 1730 1514 1772 minus
1564 1730 1608 1772 in

195 1801 277 1842 Dei
312 1812 545 1857 potestate,
589 1815 723 1857 quam
767 1800 949 1857 singuli:
999 1815 1142 1857 neque
1192 1801 1430 1855 minorem,
1474 1815 1607 1857 quam

195 1870 360 1927 singuli,
395 1872 583 1927 gratiam
618 1872 713 1913 Deo
747 1873 912 1914 societas
938 1870 1081 1922 debet,
1109 1886 1198 1928 quo
1223 1883 1403 1913 auctore
1430 1871 1609 1925 coaluit,

195 1943 319 1984 cuius
354 1956 464 1986 nutu
501 1956 802 1998 conservatur,
837 1945 963 1986 cuius
992 1942 1205 1985 beneficio
1236 1941 1608 1985 innumerabilem

197 2010 435 2071 bonorum,
469 2015 631 2072 quibus
681 2015 832 2068 affluit,
877 2016 1049 2072 copiam
1099 2015 1276 2071 accepit.
1330 2015 1609 2056 »Praeclare

197 2086 371 2140 veritas,
407 2101 538 2142 quam
575 2098 769 2141 tuemur,
804 2087 1042 2128 asseritur:
1089 2086 1314 2142 aptissime
1349 2096 1610 2140 argumenta

197 2154 246 2196 ad
284 2155 394 2197 hanc
430 2158 660 2198 veritatem
696 2156 908 2199 tuendam
943 2155 1298 2213 suppeditantur.

290 2229 381 2281 196.
418 2228 793 2270 DEMONSTRATIO.
840 2227 915 2284 1.⁰)
950 2227 1024 2270 Ille
1075 2227 1201 2270 debet
1251 2227 1394 2270 colere
1445 2228 1606 2278 Deum,

269 2452 324 2490 (r)
351 2448 442 2480 Vide
471 2459 585 2492 super.
616 2448 706 2482 thes.
736 2448 978 2483 XXIX-XLII.
