1705 2787
782 69 1039 110 -354-

205 167 408 220 abiicere,
443 178 517 206 aut
549 162 789 205 adsciscere
823 160 875 204 de
910 159 1111 217 pluribus
1161 160 1400 217 generibus
1448 161 1618 206 indiffe-

208 250 353 281 renter
388 234 508 292 quod
563 232 726 275 libeat:
773 232 1050 288 omninoque
1104 229 1265 274 debent
1318 248 1420 275 eum
1469 233 1513 275 in
1547 248 1619 276 co-

207 308 339 352 lendo
374 307 571 349 Numine
608 318 781 346 morem
817 318 1030 359 usurpare
1065 302 1356 361 modumque,
1391 319 1481 362 quo
1534 305 1619 348 coli

208 397 252 422 se
286 381 407 423 Deus
443 379 535 434 ipse
569 375 892 419 demonstravit
926 375 1094 417 velle.»

324 449 475 490 Homo
509 445 764 489 individuus
800 444 928 487 debet
962 446 1105 488 colere
1141 446 1300 488 Deum:
1336 459 1393 502 at,
1438 446 1621 504 quibus-

208 534 310 561 nam
347 516 517 559 actibus
553 528 772 573 praestare
805 514 849 558 id
883 513 1025 570 debet,
1059 530 1256 572 quonam
1291 515 1461 561 modo?
1485 517 1623 559 Actus

208 601 248 630 et
283 587 442 629 modus
477 602 569 628 non
604 586 920 643 relinquuntur
970 584 1207 627 hominum
1241 585 1439 642 arbitrio,
1491 585 1566 628 sed
1600 601 1623 628 a

209 660 304 702 Deo
330 660 424 715 ipso
448 657 819 700 determinantur.
842 655 890 699 Id
915 669 1063 699 autem
1088 669 1279 713 praestat
1313 659 1448 712 Deus,
1486 658 1623 715 primo

210 728 388 787 quidem
425 744 499 785 per
534 730 681 785 ipsum
716 726 835 785 quod
885 726 1012 769 nobis
1064 727 1175 770 indit
1225 729 1424 771 naturale
1470 728 1624 771 lumen

211 800 409 855 rationis,
443 798 618 841 secundo
642 813 747 841 vero
782 813 857 854 per
891 797 1125 840 formalem
1159 797 1435 840 locutionem
1459 814 1535 841 seu
1561 813 1625 841 re-

208 872 476 915 velationem
511 869 597 928 (1).
622 870 678 912 Iis
713 885 819 925 ergo
854 868 1040 926 actibus,
1075 885 1126 911 eo
1150 869 1302 926 modo,
1337 885 1471 927 quem
1505 871 1625 912 Deus

210 942 536 998 determinavit,
570 940 698 984 debet
732 941 870 983 homo
904 942 1052 983 Deum
1087 942 1288 983 revereri.
1344 941 1388 983 Si
1406 940 1500 984 aliis
1521 941 1626 984 acti-

211 1014 306 1066 bus,
344 1015 380 1056 si
412 1015 498 1056 alio
532 1013 683 1069 modo,
719 1028 852 1070 quem
886 1013 978 1069 ipse
1012 1012 1080 1055 vel
1113 1013 1184 1055 alii
1221 1012 1426 1055 homines
1451 1013 1625 1070 excogi-

210 1087 414 1142 taverint,
449 1085 562 1128 colat
596 1087 760 1137 Deum3
796 1099 887 1126 non
921 1100 1024 1126 eum
1058 1096 1284 1127 reveretur
1318 1084 1438 1127 cultu
1475 1086 1514 1127 ei
1558 1099 1625 1126 ac-

211 1170 355 1214 cepto,
388 1172 435 1199 ac
469 1155 655 1213 proinde
708 1155 907 1197 naturale
957 1170 1046 1212 quo
1099 1170 1200 1211 erga
1254 1156 1402 1198 Deum
1446 1167 1624 1198 tenetur

211 1227 410 1271 officium
444 1242 536 1270 non
559 1227 727 1283 implet.
754 1225 1152 1279 Quemadmodum
1179 1225 1496 1284 officium‚quo
1521 1241 1623 1283 erga

212 1315 361 1357 regem
385 1299 690 1355 adstringitur,
716 1313 805 1340 non
831 1297 1035 1354 impleret
1060 1298 1164 1340 civis
1190 1297 1276 1353 ille,
1301 1299 1378 1355 qui
1403 1297 1624 1341 tributum

211 1370 390 1428 quidem
414 1384 488 1413 aut
522 1371 707 1426 vectigal
741 1368 944 1425 solveret,
965 1385 1055 1411 non
1080 1381 1229 1411 tamen
1254 1369 1377 1424 illud,
1403 1369 1522 1427 quod
1546 1385 1621 1412 rex

213 1443 355 1498 iussit,
381 1442 455 1485 sed
490 1441 623 1497 aliud,
659 1440 778 1499 quod
813 1442 905 1497 ipse
940 1439 1129 1496 praefert
1153 1440 1240 1498 (2).

329 1515 531 1556 Iamvero
566 1512 686 1570 quod
722 1511 772 1555 de
808 1512 991 1554 homine
1044 1510 1273 1554 individuo
1317 1510 1527 1567 diximus,
1580 1511 1623 1554 id

210 1585 325 1628 valet
359 1587 490 1628 etiam
525 1584 576 1627 de
612 1584 849 1626 hominum
885 1596 1030 1639 coetu,
1065 1599 1198 1640 quem
1234 1584 1457 1626 civitatem
1507 1599 1620 1626 nun-

213 1672 442 1714 cupamus.
466 1656 607 1699 Debet
632 1657 797 1711 civitas,
824 1667 871 1697 ut
906 1656 950 1698 in
985 1655 1098 1698 thesi
1132 1656 1376 1698 LXXVIII.
1418 1654 1624 1709 vidimus,

214 1728 357 1770 colere
392 1729 554 1770 Deum.
604 1728 700 1769 Hoc
750 1741 853 1769 vero
908 1726 1107 1769 debitum
1142 1728 1291 1769 civitas
1326 1742 1418 1769 non
1451 1727 1621 1784 implet,

214 1814 545 1856 quemcumque
579 1799 724 1841 cultus
774 1812 948 1840 morem
999 1797 1271 1855 usurpando,
1320 1796 1395 1840 sed
1429 1809 1626 1840 tantum-

214 1870 349 1913 modo
384 1886 487 1913 eum
508 1869 713 1913 >tenendo
739 1868 940 1924 modum,
965 1884 1053 1925 quo
1076 1869 1196 1911 Deus
1220 1869 1311 1925 ipse
1337 1868 1421 1911 coli
1445 1884 1490 1910 se
1515 1867 1624 1911 velle

215 1941 464 1985 declaravit.

332 2015 472 2056 Porro
507 2015 565 2056 ita
599 2014 719 2056 Deus
755 2011 977 2065 revelavit,
1012 2025 1230 2068 quaenam
1265 2011 1409 2053 cultus
1434 2011 1545 2053 ratio
1572 2011 1627 2052 sit

214 2085 296 2127 sibi
330 2098 520 2142 accepta,
556 2097 603 2127 ut
638 2084 829 2128 voluerit
863 2082 1097 2139 specialem
1132 2083 1263 2124 etiarn
1298 2082 1532 2135 instituere
1555 2096 1624 2123 so-

215 2159 431 2211 cietatem,
467 2173 579 2214 quae
614 2156 894 2199 revelationis
929 2153 1183 2210 depositum
1232 2152 1465 2207 custodiat,
1515 2167 1627 2210 quae

286 2329 342 2373 (1)
368 2331 421 2363 De
450 2330 654 2363 avolatione
682 2330 836 2363 diximus
864 2329 932 2363 vol.
961 2330 1002 2362 II.
1030 2329 1121 2362 thes.
1149 2328 1330 2361 XII—XIX.

289 2389 344 2433 (2)
371 2389 473 2428 Vide,
502 2401 591 2434 quae
619 2390 661 2422 de
688 2390 886 2422 antonomia
914 2390 948 2421 in
976 2389 1123 2433 negotio
1151 2387 1345 2432 religionis,
1374 2396 1477 2432 atque
1505 2387 1548 2420 de
1581 2387 1630 2420 in-

218 2448 459 2492 differentIsmo
488 2449 578 2482 circa
606 2449 763 2482 diversas
792 2448 984 2493 religiones
1013 2448 1164 2480 diximus
1192 2446 1263 2480 vol.
1290 2447 1332 2480 II.
1359 2458 1437 2491 pag.
1468 2457 1543 2491 213.
