1705 2787
686 149 738 158 -2-
776 132 854 184 203
895 146 956 164 aa.

107 246 232 275 versa
264 243 417 274 autem
452 233 623 276 ratione
647 233 831 291 formae,
856 251 942 292 qua
968 236 1160 279 societas
1184 235 1322 279 civilis
1345 234 1529 291 regitur,

103 315 287 345 vocatur
321 302 501 360 aequalis
536 303 604 346 vel
637 304 882 362 inaequalis,
920 317 967 347 ut
1002 306 1089 348 iam
1115 307 1201 349 alio
1234 306 1331 349 loco
1356 303 1526 348 dictum

102 387 166 418 est
200 374 287 433 (Ι).

191 445 287 487 Hoc
322 443 441 487 aliud
466 457 642 502 oportet
675 446 847 490 addere.
870 474 921 479 —-
949 448 1226 505 Monarchia‚
1250 447 1522 492 aristocratia

101 515 370 560 democratia
406 516 519 559 hanc
543 516 787 561 admittunt
807 518 1097 563 divisionem:
1133 521 1178 564 in
1202 518 1425 563 absolutam
1446 533 1522 561 seu

96 595 247 645 puram
280 599 322 629 et
354 589 757 643 repraesentati‘tfam.
793 589 839 631 E.
865 604 906 645 g.
931 591 1207 633 aristocratia
1233 602 1297 632 est
1321 587 1524 632 absoluta

100 673 177 700 seu
197 656 399 715 simplex,
418 657 454 699 si
474 658 710 714 optimates
729 674 805 715 per
825 660 993 716 seipsos
1029 659 1286 703 immediate
1306 658 1411 702 dant
1434 657 1526 701 suf-

100 727 234 785 fragia
254 728 462 785 legesque
484 726 655 771 ferunt:
692 741 757 772 est
782 731 1168 787 repraesentativa,
1193 732 1229 773 si
1250 731 1334 788 ipsi
1353 729 1525 786 eligunt

99 798 288 856 aliquos,
300 813 376 855 per
390 813 504 856 quos
517 810 748 856 tamquam
762 815 837 856 per
852 816 957 843 suos
972 802 1296 858 vicesgerentes
1317 800 1523 857 suffragia

98 869 203 913 dant
236 869 443 927 legesque
479 868 692 913 condunt.
729 872 848 914 Haec
883 885 1035 915 autem
1068 871 1193 915 facile
1228 885 1292 916 est
1326 870 1379 915 ad
1423 886 1518 915 mo-

100 941 328 984 narchiam
362 953 404 984 et
438 940 757 985 democratiam
791 943 1024 1000 applicare.

193 1016 286 1069 163.
306 1012 537 1057 SCHOLtoN
570 1014 602 1056 I.
628 1014 787 1071 Liquet
807 1029 858 1056 ex
876 1013 1018 1071 dictis,
1037 1014 1250 1073 quidnam
1269 1016 1324 1058 sit
1343 1015 1523 1072 regimi-

99 1085 166 1128 nis
199 1083 358 1142 forma,
391 1100 505 1144 quae
538 1084 699 1128 dicitur
737 1086 1086 1130 constitzttionalis.

187 1157 236 1200 In
272 1156 352 1199 hac
384 1156 528 1200 forma
564 1170 760 1215 potestas
784 1158 1027 1215 legislativa
1052 1172 1279 1203 exercetur
1314 1175 1335 1202 a
1355 1158 1521 1216 duplici

99 1231 369 1287 optimatum
403 1242 445 1272 et
478 1228 797 1287 deputatorum
832 1230 1035 1287 collegio,
1071 1246 1246 1275 necnon
1281 1247 1302 1273 a
1326 1246 1429 1288 rege
1452 1230 1521 1274 vel

98 1300 311 1359 praeside,
346 1302 474 1344 cuius
509 1302 678 1343 sanctio
718 1300 771 1343 ad
814 1301 931 1358 leges
979 1301 1217 1345 firmandas
1262 1303 1519 1360 requiritur.

82 1372 330 1417 'Iudiciaria
363 1385 513 1416 autem
546 1385 742 1431 potestas
767 1386 994 1416 exercetur
1018 1373 1070 1416 ab
1095 1374 1180 1417 alio
1201 1386 1328 1417 coetu
1355 1388 1377 1416 a
1402 1375 1519 1431 prio-

98 1445 220 1489 ribus
255 1445 480 1502 distincto,
514 1446 540 1489 i.
576 1461 612 1489 e.
637 1461 659 1488 a
684 1458 811 1488 coetu
840 1448 1186 1504 magistratuum
1204 1462 1281 1489 seu
1303 1445 1518 1489 iudicum.

99 1519 336 1562 Executiva
372 1533 476 1562 vero
510 1530 704 1575 potestas
738 1530 966 1561 exercetur
1000 1533 1021 1560 a
1057 1534 1159 1574 rege
1193 1533 1268 1560 seu
1294 1515 1516 1575 praeside:

98 1766 116 1788 e
142 1753 286 1800 zoppi.»
316 1752 395 1788 Hoc
434 1752 650 1789 vocabulum
689 1756 857 1797 δεσπότης
885 1752 1078 1798 respondet
1116 1751 1249 1787 latinae
1286 1751 1367 1787 voci
1407 1750 1517 1787 herus.

95 1815 297 1850 Adhibetur
323 1824 444 1850 autem
472 1815 516 1848 ad
543 1814 820 1860 significandum
849 1825 941 1855 eum,
969 1814 1028 1858 qui
1044 1813 1108 1846 sibi
1129 1814 1278 1848 assumit
1297 1823 1355 1848 aut
1375 1822 1516 1848 exercet

95 1876 130 1909 in
159 1874 247 1909 alios
276 1875 528 1910 auctoritatem
557 1875 816 1920 oppressivam.
848 1874 997 1907 «Debet
1036 1874 1225 1917 imperium
1264 1874 1396 1908 iustum
1424 1886 1514 1918 esse,

95 1942 211 1981 neque
237 1923 354 1977 lierile,
383 1935 446 1969 sed
475 1935 576 1981 quasi
604 1944 806 1979 paternum,
834 1934 915 1978 quia
955 1933 1023 1967 Dei
1052 1934 1246 1967 iustissima
1279 1935 1314 1967 in
1347 1934 1514 1969 homines

93 2003 255 2040 potestas
283 2003 337 2029 est
364 2003 398 2029 et
427 2006 509 2029 cum
536 2002 683 2040 paterna
711 1994 871 2027 bonitate
900 1993 1109 2027 coniuncta:
1137 1993 1336 2039 gerendum
1354 2006 1440 2028 vero
1461 2005 1515 2030 est

95 2054 138 2088 acl
164 2054 352 2088 utilitatem
379 2055 517 2097 civium,
547 2054 628 2099 quia
658 2054 716 2099 qui
743 2061 911 2098 praesunt
951 2053 1090 2094 ceteris,
1124 2052 1191 2087 hac
1230 2064 1300 2088 una
1335 2054 1378 2088 de
1407 2065 1514 2089 causa

94 2123 274 2160 praesunt,
302 2124 340 2150 ut
366 2115 517 2149 civitatis
545 2113 736 2149 utilitatem
763 2121 938 2147 tueantur.
960 2126 974 2143 υ
1004 2112 1055 2146 Ita
1084 2112 1157 2146 Leo
1184 2113 1279 2147 XIII.
1306 2114 1342 2147 in
1369 2124 1422 2159 ep.
1441 2114 1513 2149 iam

95 2176 151 2209 cit.
178 2174 378 2209 Immortale
403 2175 481 2208 Dei.
510 2190 552 2198 -—-·
582 2173 774 2218 Imperium
802 2172 1001 2217 gerendum
1021 2180 1073 2205 est
1092 2172 1134 2206 ad
1153 2172 1343 2207 utilitatem
1363 2175 1513 2209 civium:

37 2235 42 2241 ’
95 2245 181 2280 ergo
209 2233 314 2268 debet
347 2243 437 2276 esse,
463 2242 539 2267 non
565 2231 676 2266 herile
705 2242 767 2265 seu
803 2230 1042 2275 despofficum,
1069 2230 1131 2264 sed
1172 2231 1272 2275 quasi
1312 2241 1511 2277 paternum.

95 2293 206 2328 Porro
235 2293 487 2339 quodcumque
517 2292 690 2338 regimen,
718 2302 790 2324 non
819 2300 939 2324 autem
959 2290 1212 2324 tautummodo
1249 2292 1411 2337 regimen
1438 2302 1513 2326 mo·

92 2353 312 2397 nat-cilicum,
336 2362 456 2399 potest
484 2353 636 2387 evadere
664 2351 902 2395 despoticum.

168 2414 219 2459 (1)
248 2412 302 2448 Cf.
331 2424 447 2459 super.
473 2424 553 2459 pag.
586 2422 636 2455 14.
664 2429 706 2436 —
735 2411 827 2444 vide
856 2422 907 2454 ea,
935 2422 1025 2457 quae
1052 2410 1098 2445 ibi
1127 2410 1278 2446 diximus
1294 2412 1337 2446 de
1353 2421 1512 2447 conven*

92 2474 185 2511 tibus
212 2485 275 2510 seu
302 2474 457 2510 comitiis
485 2474 519 2508 in
558 2473 730 2509 societate
766 2471 902 2519 aequali
931 2472 1153 2517 necessariis,
1191 2472 1235 2508 de
1274 2472 1510 2511 unanimitate

93 2535 179 2572 reali
205 2535 262 2588 yel
291 2534 462 2571 artificiali
493 2545 558 2570 etc.
