1705 2787
695 71 752 93 ’-
787 77 870 118 479
907 88 959 93 -

310 174 480 201 testatem
506 167 654 212 principi
680 167 775 203 facit:
803 188 842 193 —
875 169 1070 204 afferuntur
1090 178 1302 215 argumenta
1317 170 1440 205 intrin-

311 236 404 260 seca:
430 245 473 250 —
499 235 646 272 urgetur
670 227 835 272 probatio
860 228 902 262 ab
930 229 1136 262 extrinseco
1197 254 1447 264 .....
1475 239 1542 274 334

172 293 249 329 190.
275 284 494 321 Scholion.
507 303 555 311 —-
567 286 785 331 Praecipuae
800 286 988 321 solvuntur
1003 287 1243 322 difficultates.
1263 308 1304 313 ——
1323 289 1446 323 Aiunt:

314 353 342 377 1.
361 343 486 377 Poena
499 344 624 388 capitis
648 355 721 378 non
743 354 795 378 est
814 346 1028 380 necessaria.
1046 364 1087 369 —
1106 356 1137 380 2.
1154 346 1363 380 Facinorosi
1386 347 1448 381 ho-

310 403 426 436 mines
453 414 526 436 non
553 403 682 437 timent
709 414 876 438 mortem.
894 424 935 430 -
954 416 983 449 3.
1013 406 1205 439 Carcerem
1232 414 1444 450 perpetuum

313 464 428 508 magis
448 462 643 499 formidant
658 476 766 510 quam
781 474 948 499 mortem.
971 485 1009 491 —
1033 476 1065 509 4.
1085 466 1125 499 In
1142 466 1185 499 iis
1205 466 1448 507 societatibus,

312 521 403 566 apud
431 533 519 567 quas
545 534 663 567 poena
689 524 814 558 mortis
842 523 981 558 sublata
1009 533 1072 567 est,
1111 524 1239 558 delicta
1267 535 1340 557 non
1368 535 1446 558 cre-

312 590 440 616 verunt
466 593 629 623 numero,
658 582 720 616 sed
746 583 937 617 imminuta
963 594 1054 619 sunt.
1093 604 1135 609 —-
1169 596 1198 628 5.
1229 585 1300 627 Qui
1332 585 1448 619 homi-

311 641 444 675 cidium
471 642 592 676 animo
620 642 775 686 molitur,
802 654 874 676 non
902 644 1036 689 cogitat
1064 645 1107 678 de
1142 656 1259 689 poena
1302 645 1440 685 mortis,

312 703 375 737 sed
402 702 445 736 de
472 702 584 736 modo
612 702 813 737 occultandi
841 703 989 737 crimen.
1017 723 1061 728 ——
1081 702 1114 738 6.
1142 704 1311 738 Admissa
1330 715 1449 749 poena

315 762 450 808 capitis,
478 762 547 796 hoc
574 762 657 796 oriri
685 771 806 807 potest
832 762 979 805 malum,
1023 763 1118 808 quod
1145 764 1357 797 innocentes
1385 762 1449 795 viri

310 831 427 857 morte
446 821 672 856 mulctentur.
695 841 734 847 —
757 832 786 866 7.
806 822 920 855 Huius
939 822 1079 857 lethalis
1100 834 1239 868 poenae
1265 822 1437 867 irrogatio

315 894 436 917 mores
455 882 707 927 corrumpit.—
725 882 1069 916 Animadversiones
1086 883 1262 927 quaedam
1275 881 1452 916 adduntur

312 940 355 974 ad
382 940 608 974 obiectiones
635 948 772 973 ceteras
800 938 992 973 solvendas
1014 965 1025 975 .
1080 967 1086 973 .
1138 967 1145 973 .
1197 965 1206 974 .
1256 968 1263 975 .
1316 968 1322 974 .
1377 968 1385 975 .
1439 967 1446 974 .
1478 950 1544 985 319

127 1034 315 1079 TheSiS
349 1033 552 1077 LXXVI.
574 1059 625 1064 -
660 1034 804 1076 Utrum
839 1035 892 1077 ad
918 1042 1126 1092 potestates
1151 1034 1253 1092 leges
1279 1034 1447 1092 ferendi

338 1105 553 1149 iudicandi
574 1114 606 1148 et
629 1107 877 1163 etsequendi
906 1108 1002 1149 iura
1016 1106 1172 1163 politici
1188 1107 1447 1164 principatus

341 1178 479 1220 merito
515 1186 766 1220 revocentur.
830 1178 975 1220 Utrum
1001 1178 1235 1234 praedictae
1269 1186 1347 1220 tres
1376 1185 1450 1235 po-

342 1258 495 1292 testates
522 1250 683 1306 possint
716 1264 798 1292 esse
832 1250 874 1291 in
901 1248 1091 1306 pluribus
1140 1249 1338 1306 separatis
1373 1263 1444 1290 su-

344 1320 477 1363 biectis
511 1320 670 1363 divisae
716 1355 724 1363 .
790 1355 799 1363 .
866 1355 873 1362 .
941 1355 949 1362 .
1015 1354 1024 1363 .
1090 1355 1098 1362 .
1164 1354 1172 1362 .
1240 1354 1248 1362 .
1315 1353 1324 1362 .
1390 1354 1398 1362 .
1464 1334 1548 1375 330

181 1416 258 1450 191.
284 1405 609 1440 Demonstratio
627 1406 788 1449 prioris
807 1406 956 1449 partis.
974 1426 1014 1429 -—
1032 1406 1111 1438 Iura
1127 1415 1315 1450 supremae
1333 1413 1453 1438 aucto-

319 1463 431 1498 ritatis
460 1464 502 1498 ad
530 1463 707 1508 triplicem
734 1472 950 1509 potestatem
980 1462 1115 1497 ferendi
1145 1463 1254 1509 leges,
1274 1463 1452 1496 iudicandi

319 1533 353 1558 et
381 1524 583 1570 exequendi
613 1524 830 1558 reducuntur
845 1549 1452 1558 ...........
1503 1524 1548 1557 ib.

182 1594 258 1630 192.
285 1583 611 1619 Demonstratio
644 1583 826 1617 alterius
859 1584 1009 1626 partis.
1042 1602 1085 1608 —
1116 1584 1282 1616 Potestas
1331 1581 1448 1627 aliqua

319 1642 458 1693 duobos
485 1642 604 1676 modis
631 1642 753 1676 haberi
780 1651 923 1687 potest:
962 1663 995 1666 —·
1039 1651 1075 1676 ut
1103 1642 1282 1676 ordinaria
1327 1661 1371 1666 -—
1410 1650 1446 1676 ut

321 1702 498 1748 delegata:
518 1721 561 1726 —
581 1713 610 1736 1.
637 1702 728 1736 Tres
754 1710 964 1747 potestates,
993 1713 1084 1746 quae
1114 1713 1321 1746 supremam
1350 1713 1452 1734 com-

319 1770 458 1807 ponunt
485 1761 748 1801 auctoritatem,
770 1770 851 1795 sunt
866 1761 1084 1805 delegabiles
1103 1774 1109 1794 :
1131 1781 1171 1785 —
1193 1762 1306 1794 immo
1326 1772 1454 1794 neces-

323 1821 456 1856 sarium
482 1819 666 1854 moraliter
693 1829 757 1861 est,
786 1819 881 1864 quod
909 1819 1130 1863 delegentur,
1159 1820 1207 1853 ita
1233 1810 1271 1854 ‘ut
1297 1819 1454 1864 pluribus

320 1880 493 1924 separatis
507 1879 671 1926 personis
691 1878 911 1912 exercendae
929 1878 1256 1913 c0m1nittantu1·.-
1274 1889 1305 1914 2.
1319 1880 1454 1912 Verum

323 1948 358 1973 ut
386 1939 586 1974 ordinariae
615 1947 649 1972 et
675 1937 959 1981 independentes
988 1937 1118 1971 debent
1154 1938 1296 1983 reperiri
1341 1936 1447 1971 simul

321 2000 535 2034 coniunctae
563 1999 598 2032 in
627 2010 697 2032 uno
726 1997 1043 2038 subiect0„scilicet
1061 1998 1096 2031 in
1116 1997 1177 2030 illo
1205 1998 1279 2031 sive
1307 1997 1456 2032 homine

321 2059 396 2093 sive
423 2058 614 2092 hominum
642 2065 760 2099 coetu,
787 2056 845 2101 qui
873 2057 982 2089 totius
1012 2057 1194 2090 societatis
1215 2065 1268 2090 est
1287 2057 1452 2101 princeps

324 2128 523 2162 supremus.
544 2136 588 2141 -
615 2117 652 2150 In
681 2127 751 2161 quo
779 2116 1034 2160 Montesquieu
1062 2116 1233 2150 erraverit
1273 2142 1281 2149 .
1333 2141 1342 2150 .
1392 2140 1400 2150 .
1451 2141 1459 2150 .
1490 2125 1553 2160 332

297 2214 328 2250 r)
355 2213 419 2244 De
443 2212 744 2244 subditorum
768 2214 811 2242 et
833 2212 1174 2251 imperantiunl
1197 2213 1387 2244 officiis.

133 2290 320 2335 TheSiS
354 2291 577 2333 LXXVII.
606 2317 657 2320 —
682 2291 743 2332 De
779 2290 916 2347 (stiriis
941 2290 1210 2333 subditorum:
1235 2292 1280 2333 de
1314 2291 1451 2347 officiis

321 2364 501 2419 supremi
534 2361 805 2418 reipublicae
841 2362 1133 2404 moderatoris:
1168 2363 1213 2405 da
1251 2364 1457 2405 communiti

323 2434 509 2476 omnihus
545 2434 670 2490 officio
704 2433 875 2475 nutandi
900 2435 1107 2490 patriam.
1174 2469 1183 2478 .
1248 2468 1256 2476 .
1323 2468 1332 2477 .
1398 2468 1405 2476 .
1472 2447 1553 2491 337
