1705 2787
797 65 1056 106 -474—

413 156 602 190 admittunt
630 157 865 190 divisionem:
894 177 937 182 —
974 158 1008 190 in
1037 156 1238 192 absolutam
1266 170 1329 192 seu
1357 170 1482 204 puram
1509 169 1544 195 et

412 215 753 258 repraesentati-mm

1671 110 1697 187 *Rati

274 271 347 315 163.
376 273 583 308 Scholion
605 274 638 308 1.
667 293 708 298 —
738 275 791 308 De
822 274 938 309 torma
965 274 1149 319 regiminis
1178 276 1475 311 constitutionali.
1504 297 1546 303 -

416 333 451 365 In
479 344 550 377 quo
578 334 760 369 consistat.
789 353 817 358 --
860 335 916 368 Ad
945 345 1052 379 quam
1080 324 1122 367 ex
1150 333 1272 368 formis
1300 335 1335 368 in
1361 335 1428 370 hac
1454 335 1546 370 thesi

413 393 629 427 enumeratis
658 394 835 437 pertineat
881 420 1545 430 ............
1573 406 1635 441 203

277 458 350 492 101.
377 451 583 485 Scholion
610 452 668 486 II.
695 471 739 477 -—
768 453 820 486 l)e
849 452 976 497 duplici
1005 454 1244 488 successionis
1273 455 1393 488 modo:
1411 475 1454 479 —
1471 467 1549 489 suc-

412 511 528 544 cessio
556 522 617 555 per
643 511 919 545 haereditatem:
948 533 990 536 —
1019 514 1201 547 successio
1228 525 1290 559 per
1317 514 1543 549 electionem.
1573 525 1634 559 205

223 593 409 637 TheSiS
444 593 577 635 LXII.
615 620 666 624 —-
718 594 783 635 lix
829 595 1037 636 recensitis
1064 594 1218 651 formis
1255 594 1367 638 nulla
1393 603 1468 652 per
1502 611 1541 638 se

436 674 504 716 est,
539 681 659 722 ιμιιιυι
693 666 895 708 naturalis
932 665 998 708 Iex
1023 666 1293 709 antecedenter
1311 667 1542 724 praedeter-

437 737 554 778 minet
587 751 632 779 ac
660 738 905 793 praeexigczt
941 745 1149 794 tamquam
1184 739 1458 780 neeessariam
1494 772 1503 781 .
1554 752 1636 795 207

274 834 347 874 165.
374 832 711 867 Demonstratio.
738 851 784 857 —
832 843 858 866 1.
888 833 1045 867 Affertur
1072 834 1182 868 ratio:
1212 854 1251 858 -—
1281 835 1362 880 quia
1388 834 1475 869 nulli
1504 846 1546 869 ex

411 891 600 936 praedictis
629 890 753 924 formis
782 891 850 925 hoc
878 903 941 936 per
975 904 1013 926 se
1049 894 1233 938 competit,
1275 902 1312 928 ut
1349 894 1424 939 ipsa
1468 894 1545 930 sola

411 950 471 983 tini
488 951 640 985 civitatis
657 951 884 996 assequendo
903 952 947 986 sit
967 961 1058 994 apta,
1079 952 1167 986 aliae
1187 964 1274 986 vero
1289 954 1359 987 sint
1378 953 1544 998 impares.

414 1028 457 1033 -—
484 1010 557 1042 Eae
584 1020 694 1043 voces
722 1009 950 1054 explicantur:
978 1011 1209 1045 antecedenter
1237 1020 1271 1045 et
1292 1017 1356 1057 per
1380 1023 1424 1046 se.
1451 1032 1494 1037 -—
1514 1022 1544 1046 2.

410 1068 603 1102 Undenam
619 1069 837 1103 conveniens
858 1069 937 1103 linis
955 1070 1133 1104 assecutio
1149 1081 1212 1104 seu
1227 1070 1367 1105 bonitas
1382 1070 1544 1116 gubernii

415 1128 616 1172 dependeat
699 1153 1542 1164 ...............
1593 1130 1637 1164 ib.

276 1186 351 1221 166.
379 1188 587 1222 Scholion
619 1188 652 1223 I.
682 1207 725 1211 -—
771 1199 797 1221 1.
841 1187 1036 1222 Solvuntur
1064 1198 1275 1233 argumenta
1315 1200 1450 1231 eorum,
1485 1190 1542 1235 qui

413 1248 521 1291 aiunt,
549 1247 691 1281 unicam
719 1247 919 1293 legitimam
947 1246 1101 1281 formam
1128 1259 1208 1281 esse
1228 1248 1548 1282 democratiam.—

413 1316 442 1340 2.
472 1306 662 1347 Quaedam
692 1307 925 1341 subiiciuntur
952 1307 987 1339 iu
1032 1306 1295 1341 democratiam
1322 1307 1546 1342 animadver-

412 1366 1638 1402 siones.................212

275 1423 348 1469 167.
377 1425 583 1460 Scholion
618 1426 676 1460 ΙΙ.
695 1444 741 1450 —
769 1426 960 1466 Quaenam
988 1426 1172 1471 regiminis
1202 1424 1318 1460 forma
1345 1426 1390 1460 sit
1416 1425 1545 1460 melior

413 1495 476 1518 seu
504 1485 629 1529 aptior:
650 1502 690 1508 --
712 1485 739 1518 si
759 1495 813 1517 res
834 1485 1030 1518 universim
1051 1494 1084 1518 et
1113 1484 1274 1520 absolute
1295 1485 1546 1520 consideretur

412 1562 455 1567 —
484 1543 511 1576 si
540 1554 595 1577 res
622 1552 802 1588 spectetur
827 1544 863 1577 in
890 1553 1060 1578 concreto
1090 1554 1123 1579 et
1150 1544 1299 1578 relative
1321 1544 1363 1579 ad
1385 1543 1545 1590 singulos

414 1602 565 1647 populos
644 1628 1545 1639 ................
1573 1604 1639 1638 218

225 1685 412 1729 TheSiS
446 1685 602 1727 LXIII.
639 1712 691 1716 —-
737 1685 860 1740 Quod
894 1687 1018 1742 igitur
1053 1694 1243 1744 suprema
1284 1695 1460 1744 potestas
1493 1688 1535 1729 in

445 1771 522 1798 nno
556 1756 713 1798 homine
746 1756 920 1798 resideat
952 1757 1015 1799 vel
1049 1759 1090 1799 iu
1106 1757 1314 1815 pluribus,
1337 1758 1441 1815 quod
1463 1765 1540 1800 tota

443 1829 484 1869 in
520 1842 561 1868 eo
596 1827 646 1869 sit.
677 1826 741 1868 vet
773 1843 823 1869 ex
851 1835 983 1884 parte,
1018 1828 1123 1885 qnod
1149 1836 1223 1885 per
1256 1827 1566 1871 haereditaten-i

443 1898 492 1940 ab
525 1914 566 1940 eo
599 1900 897 1941 transmittatur
930 1899 993 1941 vel
1026 1914 1155 1951 secus,
1183 1899 1275 1941 haec
1300 1901 1437 1941 omitia
1461 1914 1539 1941 nott

438 1979 531 2012 sunt
565 1971 790 2013 immediate
824 1970 872 2013 ab
906 1972 995 2028 ipsa
1028 1979 1198 2013 naturae
1235 1970 1329 2028 Iege,
1378 1970 1446 2014 sed
1493 1970 1542 2013 ab

440 2041 573 2099 aliquo
597 2042 710 2098 facto
743 2042 920 2085 lmmczno
955 2052 986 2085 et
1039 2045 1282 2100 contingente
1316 2043 1543 2086 immediate

440 2114 628 2155 oriuntur
662 2129 707 2156 ac
743 2114 959 2170 dependent
994 2148 1002 2157 .
1068 2149 1076 2157 .
1143 2148 1150 2156 .
1218 2149 1228 2160 .
1291 2149 1300 2157 .
1365 2149 1374 2157 .
1440 2148 1448 2156 .
1514 2148 1522 2156 .
1558 2127 1637 2156 221

281 2205 355 2240 168.
384 2208 720 2243 Demonstrat-io.
756 2228 798 2232 —
844 2209 1008 2243 Assertio
1045 2221 1119 2243 non
1147 2218 1202 2244 est
1228 2209 1294 2243 nisi
1322 2208 1550 2242 corollarium

419 2265 564 2299 theseos
592 2267 838 2311 praecedentis

228 2347 416 2391 TheSiS
451 2348 607 2390 LXIV.
630 2376 681 2380 —
718 2349 909 2401 Theoricz,
948 2365 1068 2406 quam
1102 2351 1212 2392 circa
1245 2351 1444 2406 originem
1471 2357 1544 2407 po-

448 2417 545 2460 litici
573 2421 830 2476 principatus
868 2420 1050 2478 plerique
1088 2429 1268 2462 veterum
1311 2419 1544 2462 statuebam.
