1705 2787
666 85 898 126 —33—

152 177 294 234 Itaque
310 177 537 220 >societates
559 176 788 221 domestica
808 189 849 220 et
872 177 1001 221 civilis
1023 189 1116 221 sunt
1133 178 1349 223 naturales.
1371 179 1499 222 Tune

65 251 190 303 enim,
231 261 276 292 ut
311 249 395 291 iam
435 249 619 305 superius
661 248 853 303 diximus,
886 250 1059 292 societas
1092 249 1227 306 aliqua
1265 249 1415 293 dicitur
1455 264 1494 293 et

63 334 125 364 est
165 319 373 374 naturalis,
402 318 584 376 >quando
627 319 676 363 ad
709 335 803 363 eam
844 319 1114 364 determinate
1156 319 1290 363 homo
1323 319 1370 363 ab
1408 321 1496 377 ipsa

63 402 207 434 natura
228 402 288 433 est
311 389 536 444 ordinatus,
560 401 775 447 tamquam
799 392 1042 433 societatem
1075 392 1111 433 ei
1129 392 1401 433 necessariam
1424 392 1490 445 ita,

63 474 108 505 ut
139 463 226 505 sine
263 476 310 504 ea
351 461 485 504 homo
527 461 829 519 perfectionem
871 463 1193 505 convenientem
1228 463 1387 519 assequi
1429 478 1498 506 ne—

62 545 194 590 queat.
217 533 347 590 Atqui
370 532 610 576 huiusmodi
632 548 717 578 esse
741 532 853 575 binas
880 533 952 575 has
971 535 1199 587 societates,
1219 533 1494 577 domesticam

61 616 100 648 et
132 603 310 657 civilem,
344 619 394 646 ex
426 604 487 657 iis,
522 619 625 661 quae
659 603 734 646 hac
768 605 809 646 in
832 603 937 646 thesi
971 605 1253 660 exposuimus,
1279 603 1499 647 manifeste

62 686 239 733 apparet.
262 675 367 718 Sunt
388 675 516 732 igitur
538 675 754 717 societates
777 675 993 718 naturales:
1018 675 1152 718 homo
1172 687 1324 729 autem,
1345 676 1415 732 qui
1437 674 1487 719 ad

61 761 126 790 eas
144 745 356 790 ordinatur
375 761 397 788 a
413 756 570 798 natura,
585 756 645 788 est
662 745 898 788 naturaliter
917 746 1069 788 animal
1087 761 1171 788 non
1194 746 1331 788 solum
1350 745 1493 790 dome-

60 819 209 861 sticum
240 816 311 861 sed
343 818 468 860 etiam
501 816 620 860 civile
651 816 734 876 (1)
772 818 910 874 thue
942 818 1076 860 verbis
1101 817 1220 860 Card.
1256 816 1491 860 Bellarmini

59 890 164 933 hanc
185 889 337 934 thesim
358 887 655 932 concludamus
672 888 754 947 (2),
784 907 803 929 α
829 901 936 932 recte
955 889 1057 932 dixit
1074 889 1320 932 Aristoteles
1354 889 1490 932 homi-

57 977 156 1004 nem
197 972 341 1004 natura
383 960 501 1003 civile
544 976 631 1003 esse
673 960 836 1014 animal,
881 962 1014 1016 magis
1048 977 1173 1018 quam
1207 962 1287 1004 sint
1319 977 1414 1018 apes
1448 974 1487 1004 et

56 1048 181 1090 grues
212 1045 251 1076 et
283 1048 568 1090 quaecumque
600 1033 804 1085 animalia,
848 1045 887 1075 et
930 1034 961 1075 si
994 1034 1085 1090 quis
1118 1033 1323 1076 solitarius
1361 1035 1491 1087 vivat,

58 1104 207 1154 ἄπολις,
235 1117 302 1148 aut
324 1120 409 1147 esse
431 1103 604 1147 bestiam
628 1117 695 1147 aut
730 1104 866 1146 Deum
901 1103 982 1162 (3),
1002 1104 1104 1147 idest
1137 1116 1205 1147 aut
1248 1106 1385 1147 minus
1418 1118 1486 1147 aut

57 1177 191 1219 maius
223 1175 410 1219 homine.
448 1193 468 1216 »

149 1262 245 1304 117.
279 1247 517 1292 SCHOLION.
553 1247 709 1290 Contra
742 1247 848 1290 hanc
881 1247 1032 1290 thesim
1065 1262 1237 1304 arguere
1271 1247 1405 1290 solent
1437 1264 1487 1291 ex

56 1319 187 1372 malis,
223 1319 437 1362 calumniis
479 1319 713 1362 mendaciis·
746 1318 863 1361 furtis
900 1318 1138 1362 homicidiis
1173 1332 1263 1373 etc„
1299 1334 1403 1375 quae
1436 1336 1486 1362 ex

126 1437 182 1483 (1)
208 1437 284 1472 Lib·
315 1451 343 1472 Ι·
373 1438 475 1473 Polit.
503 1450 531 1473 C·
564 1449 611 1473 1·2
664 1437 862 1495 ἄνθρωπε-ς,
893 1434 999 1495 φύσει
1031 1435 1224 1480 nahmi-2
1256 1440 1366 1495 ζῷεν.

127 1510 184 1554 (2)
210 1510 266 1544 De
292 1510 389 1544 laicis
415 1509 436 1543 l.
463 1521 576 1555 super.
606 1511 662 1544 cit.

125 1568 181 1614 (3)
208 1569 305 1603 Haec
332 1570 439 1604 verba
466 1569 668 1604 Aristotelis
695 1570 744 1603 sic
766 1569 915 1614 explicat
934 1570 1089 1609 Maurus,
1117 1578 1312 1603 comment.
1334 1569 1369 1602 in
1389 1569 1422 1602 h.
1442 1568 1484 1601 l.:

59 1642 76 1660 «
102 1629 173 1671 Qui
200 1629 257 1664 vel
284 1631 331 1664 ita
358 1638 410 1664 est
435 1641 560 1675 pravus
587 1638 624 1664 ut
651 1641 723 1663 non
751 1631 860 1674 possit
889 1630 1008 1663 vivere
1037 1630 1071 1662 in
1099 1629 1270 1663 societate
1298 1629 1403 1670 civili,
1427 1627 1484 1662 vel

54 1688 100 1723 ita
126 1697 178 1724 est
209 1689 397 1735 perfectus,
431 1698 468 1724 ut
502 1690 546 1724 sit
572 1690 636 1724 sibi
663 1689 841 1723 sufficiens
869 1699 966 1723 extra
994 1690 1205 1723 societatem
1229 1688 1384 1729 civilem,
1410 1700 1484 1721 non

53 1757 125 1783 tam
151 1758 202 1784 est
228 1750 341 1784 homo
369 1761 474 1796 quam
501 1749 614 1784 bestia
640 1749 695 1783 vel
716 1750 824 1783 Deus.
858 1749 917 1782 Est
949 1749 1094 1794 quidem
1127 1749 1249 1789 bestia,
1280 1748 1306 1781 si
1340 1756 1484 1793 propter

52 1808 260 1853 pravitatem
286 1820 359 1843 non
386 1817 502 1854 potest
529 1809 648 1843 vivere
678 1810 711 1842 in
739 1810 910 1842 societate
938 1808 1043 1849 cix-ili,
1063 1809 1142 1853 quia
1161 1820 1221 1853 per
1241 1808 1366 1841 vitium
1392 1806 1484 1852 plus-

53 1880 157 1914 quam
191 1869 389 1903 humanum
424 1878 587 1914 corrupta
615 1877 666 1902 est
693 1868 876 1902 moraliter
909 1876 1032 1901 natura
1068 1869 1242 1901 humana:
1273 1876 1324 1901 est
1363 1875 1482 1901 autem

53 1926 161 1970 Deus,
195 1929 223 1963 si
259 1937 310 1963 est
344 1929 408 1963 sibi
444 1928 634 1969 sufficiens,
662 1929 742 1974 quia
775 1940 836 1973 per
873 1928 1040 1961 virtutem
1076 1927 1260 1972 plusquam
1288 1927 1481 1960 humanam

51 1996 202 2022 mutatus
230 1997 282 2023 est
308 1988 491 2023 moraliter
516 1989 552 2022 in
572 1989 692 2022 Deum
712 1987 767 2021 vel
789 1987 1063 2031 intelligentiam
1083 1995 1292 2031 separatam.
1312 2000 1329 2016 »
1348 1987 1391 2019 Et
1410 1986 1483 2019 hoc

52 2046 200 2081 alterum
227 2049 271 2082 dc
300 2049 511 2084 Christianis
538 2049 766 2082 anachoretis
793 2048 983 2081 dicendum
1013 2055 1073 2080 est.
1102 2047 1150 2081 Ut
1170 2047 1216 2080 ait
1235 2046 1483 2087 Bellarminus,

52 2104 73 2138 l.
105 2106 174 2148 cit„
212 2121 229 2139 «
261 2107 318 2152 qui
354 2107 492 2152 penitus
525 2106 671 2141 solitarii
708 2107 882 2146 vixerunt,
920 2114 954 2138 ut
990 2105 1119 2139 Paulus
1159 2105 1292 2149 primus
1321 2105 1479 2146 eremita,

51 2163 161 2200 Maria
187 2165 411 2212 Magdalem,
437 2166 549 2200 Maria
576 2167 809 2212 Aegyptiaca,
837 2176 870 2199 et
897 2167 923 2199 si
952 2166 1007 2211 qui
1036 2174 1116 2199 sunt
1143 2165 1211 2207 alii,
1239 2166 1307 2199 dici
1334 2174 1478 2210 possunt

51 2223 179 2270 aliquid
206 2225 354 2271 amplius
382 2226 530 2260 homine
557 2226 731 2266 habuisse,
760 2238 833 2259 non
870 2234 1004 2266 natura,
1038 2226 1099 2259 sed
1136 2225 1262 2270 gratia:
1295 2237 1378 2259 nam
1406 2236 1480 2258 non

50 2284 124 2319 sine
162 2285 334 2319 miraculo
373 2286 555 2320 alebantur
590 2298 608 2319 a
648 2287 739 2327 Deo,
776 2294 812 2319 ut
847 2294 971 2319 notum
1002 2294 1071 2328 est;
1103 2286 1209 2320 ceteri
1246 2293 1379 2325 autem,
1414 2285 1476 2318 etsi

49 2343 85 2376 in
110 2344 299 2379 solitudine
326 2345 509 2390 degerent,
539 2354 659 2379 tamen
690 2345 891 2390 frequenter
918 2345 1022 2379 simul
1051 2346 1325 2385 conveniebant,
1354 2352 1387 2378 et
1406 2345 1478 2378 Ab-

50 2402 184 2438 batibus
217 2405 286 2438 suis
320 2405 466 2439 subiecti
499 2414 607 2438 erant.
649 2424 666 2435 Ι,
711 2406 778 2438 l'ro
820 2405 883 2438 hac
925 2406 1015 2438 thesi
1049 2406 1175 2439 iuverit
1208 2405 1327 2451 legere
1359 2405 1476 2439 homi—

50 2460 133 2496 liam
152 2473 203 2508 34.
234 2464 267 2496 in
300 2475 326 2497 1.
355 2465 395 2497 ad
425 2465 520 2505 Con,
548 2478 572 2499 s.
603 2465 744 2498 Ioannis
775 2465 1038 2510 Cln‘jcsostomi.
