1705 2787
776 92 828 100 *-
865 68 948 110 213
984 95 1034 99 --

198 177 343 221 titudo
378 179 545 220 civium
579 178 719 233 magis
755 178 810 219 sit
844 189 997 219 coetus
1048 176 1286 220 hominum
1322 191 1419 220 vere
1453 174 1612 220 libero—

199 266 310 293 rum.
348 277 398 281 —
434 249 518 292 §cd
555 250 758 306 quaestio
804 249 924 305 haec,
970 250 994 291 i.
1031 264 1066 290 e.
1101 248 1153 291 de
1187 250 1356 306 optima
1381 247 1610 306 regiminis

196 323 352 375 forma,
387 324 519 378 paulo
557 323 805 363 accuratius
840 320 1146 377 pertractanda
1180 334 1259 364 est.
1293 323 1357 363 Sit
1391 323 1526 377 igitur

291 402 384 450 167.
412 404 641 437 5611011οκ
668 394 721 435 ll.
746 395 1007 450 Quaeritur,
1031 409 1250 451 quaenam
1275 395 1504 450 regiminis
1528 392 1613 435 for-

199 481 267 507 ma
303 467 357 507 sit
392 465 531 506 melior
567 480 642 506 seu
680 465 908 521 aptiorss—
928 465 1137 521 Inprimis
1162 480 1213 506 ex
1232 479 1299 520 eo,
1324 463 1443 521 quod
1467 464 1612 521 aliqua

198 537 427 592 regiminis
461 535 604 579 forma
639 537 694 577 sit
729 536 887 577 melior
913 548 954 577 et
980 537 1139 592 aptior,
1163 550 1254 577 non
1281 537 1484 594 sequitur
1509 538 1612 578 alias

196 609 360 651 formas
396 623 490 651 esse
524 608 661 650 malas
697 621 738 650 et
787 609 981 665 ineptas3
1026 609 1224 666 itemque
1274 623 1365 650 non
1410 608 1613 664 sequitur

196 681 316 721 illam
335 679 587 736 praescribi,
607 680 709 720 alias
735 694 838 720 vero
854 678 1080 735 reprobari
1096 693 1117 719 a
1137 690 1320 720 naturae
1345 678 1454 733 lege.
1468 684 1614 718 immo

197 752 473 794 contrarium
506 752 725 807 sequitur,
760 751 786 793 i.
821 766 857 792 e.
892 752 995 792 alias
1021 751 1155 792 etiam
1177 765 1253 806 per
1278 765 1322 791 se
1351 765 1443 791 esse
1481 748 1614 791 bonas

198 836 238 865 et
273 835 417 879 aptas:
453 823 489 864 si
523 837 608 879 qua
643 835 707 864 est
742 823 900 864 melior
936 835 977 864 et
1012 823 1169 879 aptior,
1205 823 1316 863 hanc
1340 833 1524 864 naturae
1548 820 1617 863 lex

198 892 544 949 commendabit,
579 894 681 935 alias
716 905 865 935 tamen
900 907 1056 935 omnes
1081 891 1357 934 admittendo
1383 904 1424 933 et
1459 905 1614 948 appro-

201 964 358 1007 bando.

288 1037 379 1077 Hac
403 1034 787 1077 animadversione
812 1036 1067 1091 praemissa,
1092 1034 1365 1076 solutionem
1391 1033 1612 1092 quaestio-

200 1109 267 1149 nis
289 1107 546 1150 brevissime
570 1108 818 1149 innuimus,
844 1107 1081 1158 Quaenam
1107 1107 1162 1148 sit
1187 1107 1354 1162 optima
1384 1105 1614 1160 regiminis

199 1179 355 1235 forma,
379 1180 531 1236 quaeri
555 1191 700 1235 potest
734 1178 967 1235 dupliciter
988 1195 997 1222 :
1033 1180 1260 1220 universim
1280 1189 1321 1219 et
1339 1175 1614 1235 amolmico),

198 1253 240 1294 in
276 1260 453 1293 concreto
488 1264 529 1293 et
563 1251 726 1293 relativa
760 1253 813 1293 ad
836 1251 1017 1308 singulos
1045 1251 1229 1308 populos.

316 1324 348 1366 I.
368 1324 535 1379 Primo,
555 1337 649 1365 rem
672 1325 900 1365 universim
924 1335 965 1365 et
999 1323 1173 1365 absolute
1208 1321 1614 1364 consideremus.—

203 1413 222 1434 «
251 1395 359 1452 Nos,
384 1397 443 1437 ait
468 1394 597 1437 Card.
632 1396 928 1438 Bellarminus
952 1396 1040 1454 (2),
1077 1394 1114 1437 b.
1141 1395 1384 1450 Thomam,
1418 1394 1616 1450 aliosque

201 1468 437 1524 theologos
473 1469 714 1511 catholicos
749 1470 944 1526 sequuti,
979 1467 1195 1511 extribus
1230 1465 1507 1524 simplicibus
1530 1466 1616 1508 for-

202 1541 285 1581 mis
335 1539 673 1596 gubernationis
724 1541 1031 1583 monarchiam
1066 1541 1221 1582 ceteris
1270 1540 1615 1596 anteponimus:

203 1626 476 1669 quamquam
527 1626 706 1670 propter
756 1627 939 1656 naturae
992 1613 1215 1655 humanae
1264 1613 1616 1668 corruptionem,

203 1685 430 1726 utiliorem
465 1700 558 1727 esse
592 1701 826 1728 censemus
871 1685 1132 1728 hominibus
1167 1685 1249 1726 hoc
1285 1696 1486 1741 tempore
1520 1698 1616 1726 rno-

202 1756 431 1798 narchiam
481 1770 770 1814 temperatam
823 1773 874 1800 ex
922 1758 1194 1799 aristocratia
1244 1768 1285 1798 et
1333 1756 1616 1812 democratia,
1670 1752 1674 1759 ἱ

203 1843 337 1885 quam
373 1829 621 1886 simplicem
656 1830 978 1885 monarchiam,
999 1828 1133 1871 modo
1158 1840 1306 1871 tamen
1330 1829 1498 1885 primae
1522 1842 1617 1884 par-

203 1909 266 1942 te's
301 1901 585 1944 monarchiae
620 1903 723 1958 sint,
757 1901 971 1944 secundas
1008 1900 1163 1944 habeat
1198 1901 1488 1956 aristocratia,
1517 1914 1616 1957 pos-

204 1986 347 2017 tremo
382 1976 479 2017 loco
515 1977 569 2017 sit
604 1975 886 2018 democratia.
925 1992 944 2015 ›>

291 2046 428 2088 Paulo
463 2060 613 2089 autem
648 2047 832 2090 inferius
881 2049 941 2090 sic
992 2060 1189 2090 mentem
1239 2061 1367 2088 suam
1401 2045 1615 2103 explicat:

206 2134 225 2157 α
264 2118 391 2170 Quae
427 2134 530 2161 sane
563 2119 828 2176 gubernatio
862 2118 905 2162 id
940 2119 1139 2177 requirit,
1185 2130 1232 2161 ut
1266 2120 1321 2161 sit
1356 2116 1538 2176 quidem
1572 2117 1616 2159 in

274 2305 330 2350 (Γ)
353 2318 368 2335 α
387 2306 505 2340 Prima
533 2309 706 2352 quaestio,
736 2308 782 2342 ait
806 2308 1018 2353 Tongiorgi,
1038 2307 1108 2342 eth.
1128 2318 1227 2341 num.
1246 2317 1337 2351 452„
1358 2306 1487 2341 nullius
1506 2305 1616 2352 frugis

205 2375 274 2407 est3
298 2376 382 2398 nam
408 2366 442 2398 in
470 2366 572 2399 rebus
601 2366 765 2400 humanis
793 2378 866 2400 non
893 2367 999 2401 debet
1025 2366 1146 2411 quaeri
1174 2367 1257 2411 quid
1292 2366 1502 2412 generatim,
1528 2374 1563 2400 et
1580 2365 1618 2399 in

205 2438 242 2460 se
258 2425 459 2466 conveniat,
470 2424 531 2457 sed
541 2425 623 2469 quid
639 2426 829 2459 conveniat
844 2426 879 2459 in
894 2425 1096 2471 particulari
1112 2434 1146 2460 et
1162 2426 1394 2460 consideratis
1411 2425 1614 2460 adiunctis.»

279 2486 323 2525 (3)
351 2484 404 2516 De
433 2484 536 2516 Rom.
565 2484 679 2521 Pom..
710 2484 750 2516 ab
778 2484 850 2518 init.
