1705 2787
86 171 184 229 ipso
234 182 300 214 est
348 185 494 214 unum
543 170 767 229 idemque.
827 172 1019 227 Dicitur,
1069 170 1199 228 dilige
1249 170 1357 214 alios
1409 171 1512 213 sicut

86 243 297 299 teipsum,
331 243 358 285 i.
394 258 430 286 e.
465 242 601 285 simili
635 241 897 287 dilectione:
935 242 1069 300 idque
1094 255 1190 285 tum
1215 254 1435 300 quantum
1459 240 1511 284 ad

88 312 240 369 finem,
274 326 372 356 tum
406 327 626 372 quantum
661 313 714 357 ad
748 314 956 371 formam,
990 327 1089 357 tum
1124 327 1345 371 quantum
1380 312 1431 356 ad
1455 312 1513 355 ef-

87 383 255 427 fectum
289 386 454 428 amoris
473 385 561 443 (1).
588 386 706 428 Haec
731 385 1058 431 animadversio
1083 399 1181 429 tum
1206 385 1258 428 de
1282 383 1512 428 individuo

86 469 184 500 tum
218 456 271 500 de
304 469 421 500 statu
458 457 597 501 valet:
624 457 700 501 sed
726 459 762 500 si
786 457 838 501 de
863 469 981 500 statu
1005 473 1153 504 sermo
1178 457 1249 512 sit,
1275 472 1349 513 per
1373 472 1417 498 se
1442 472 1513 498 γα-

86 528 145 571 let
179 527 323 571 adhuc
356 529 513 585 magis,
538 545 672 587 quam
707 530 742 572 si
777 528 828 572 de
863 528 1094 572 individuo
1118 541 1296 585 agatur:
1324 540 1371 570 ut
1396 539 1513 585 patet

87 613 139 641 ex
171 599 238 655 iis,
273 614 386 657 quae
420 598 502 641 sub
528 598 663 642 finem
700 600 836 643 thesis
872 601 1160 647 LXXXVIII.
1181 599 1392 643 diximus,

176 670 225 713 In
260 670 382 727 praxi
415 685 491 713 seu
528 671 572 713 in
622 670 794 713 casibus
846 669 1201 728 particularibuS,
1252 670 1356 712 haec
1407 680 1513 711 sunt

89 741 324 798 praecipue
358 739 765 784 animadvertenda.
803 768 853 773 -——
890 742 939 798 α)
974 742 1107 796 Haec,
1133 740 1184 784 de
1207 755 1293 798 qua
1318 741 1512 796 agimuS‚

91 809 306 867 obligatio
341 825 392 853 ex
427 811 605 854 caritate
640 827 730 854 non
766 812 1002 868 viget,nisi
1029 827 1131 868 erga
1156 812 1254 854 illos
1279 823 1417 853 status
1437 809 1513 867 qui

91 894 198 924 sunt
232 896 326 924 vere
359 880 626 938 indigente3‚
661 883 736 939 qui
772 883 937 925 scilicet
968 894 1197 941 nequeunt
1232 880 1314 923 sibi
1334 896 1513 923 succur-

90 966 199 995 rere.
236 978 287 983 -—-
321 952 369 1011 β)
403 953 564 1005 Quum
607 964 755 994 autem
805 953 964 1010 aliquis
1014 965 1156 995 status
1190 967 1292 994 vere
1340 950 1508 1007 indiget

90 1022 236 1065 alieno
270 1023 453 1079 auxilio,
488 1039 564 1066 seu
591 1039 691 1066 vere
727 1036 791 1066 est
827 1025 870 1067 in
916 1025 1176 1068 necessitate
1221 1023 1510 1077 constitutus,

89 1106 198 1137 tunc
233 1094 314 1137 alia
348 1110 457 1152 gens
492 1095 559 1138 vel
593 1107 739 1153 potest
775 1096 813 1138 ei
848 1095 1084 1139 subvenire
1129 1094 1293 1152 absque
1329 1096 1511 1151 proprio

91 1165 382 1209 incommodo
417 1182 493 1210 seu
548 1181 699 1210 rerum
749 1182 933 1220 suarum
984 1165 1269 1210 detrimento.
1304 1166 1371 1208 vel
1407 1181 1513 1207 non.

94 1238 139 1282 Si
178 1247 244 1281 Lm
280 1250 457 1281 tenetur
492 1240 530 1281 ei
570 1238 823 1295 subvenire,
874 1252 923 1281 ut
956 1250 1090 1296 patet.
1138 1239 1180 1281 Si
1216 1245 1286 1281 :1¹⁷¹
1320 1237 1409 1281 duo
1443 1236 1514 1280 de-

93 1310 198 1354 bent
231 1309 467 1368 perpendi:
503 1312 530 1353 i.
564 1325 599 1353 e.
636 1326 686 1353 ex
722 1326 807 1354 una
852 1323 988 1368 parte,
1029 1310 1215 1368 qualitas
1250 1322 1291 1352 et
1325 1311 1513 1366 gravitas

91 1381 370 1426 incommodi
406 1394 482 1425 aut
501 1381 759 1425 detrimenti
784 1384 828 1425 in
855 1383 1035 1425 alterius
1055 1381 1258 1424 'favorem
1277 1379 1514 1435 subeundi,

97 1469 149 1496 ex
182 1453 262 1496 alia
307 1468 413 1496 vero
447 1466 585 1511 parte,
628 1454 816 1512 qualitas
863 1466 904 1495 et
938 1452 1100 1510 gradus
1146 1453 1436 1502 necessitatis,
1471 1453 1514 1493 in

96 1541 181 1584 qua
217 1541 325 1583 gens
360 1525 495 1568 altera
540 1525 775 1582 reperitur.
811 1526 874 1568 Ex
923 1525 1088 1569 horum
1136 1524 1419 1581 aliorumque
1454 1536 1515 1565 at-

94 1609 214 1640 tenta
248 1592 608 1640 consideratione
643 1613 786 1653 casus,
821 1597 872 1640 de
907 1612 998 1654 quo
1043 1597 1203 1654 agitur,
1238 1607 1302 1638 est
1338 1595 1514 1637 solven-

93 1669 198 1713 dus:
235 1681 389 1712 utrum
435 1668 648 1726 obligatio
683 1684 733 1711 ex
782 1670 961 1711 caritate
1012 1669 1055 1710 in
1106 1683 1157 1709 eo
1209 1682 1308 1709 casu
1347 1679 1515 1723 urgeat,

93 1757 246 1785 necne.
282 1767 334 1772 —
368 1741 416 1800 γ)
451 1740 493 1784 Si
530 1741 677 1798 plures
712 1754 852 1783 status
889 1742 931 1783 in
967 1740 1138 1797 aequali
1173 1751 1405 1781 versentur
1441 1754 1515 1781 ne-

94 1815 310 1869 cessitate,
346 1828 425 1855 nec
460 1814 599 1870 possit
636 1828 722 1855 una
758 1828 865 1869 gens
902 1811 1113 1854 omnibus
1138 1810 1391 1865 subvenire,
1417 1810 1515 1852 ordo

95 1884 247 1928 debitus
283 1883 526 1927 servandus
561 1897 638 1927 est.
676 1885 733 1926 Iis
769 1900 805 1928 e.
840 1900 879 1940 g.
916 1883 1120 1938 statibus⁷
1145 1898 1165 1924 a
1209 1882 1371 1940 quibus
1397 1883 1510 1925 nihil

97 1955 201 1999 boni
237 1968 467 2013 acceptum
503 1968 582 2011 est,
617 1953 824 2012 praeferri
873 1953 1035 1997 debent
1080 1956 1208 1996 amici
1243 1967 1284 1996 ct
1320 1953 1516 1996 benefac-

94 2043 236 2073 tores:
273 2029 468 2086 indignis
504 2027 712 2086 praeferri
749 2027 910 2070 debent
936 2026 1057 2083 digni
1084 2039 1164 2071 etc.
1188 2053 1246 2058 —
1270 2027 1314 2084 ὃ)
1338 2027 1385 2069 In
1414 2041 1515 2068 casu

96 2115 318 2145 extremae
351 2101 419 2144 vel
453 2102 577 2160 quasi
627 2112 850 2143 extremae
907 2098 1197 2152 necessitatis,
1255 2114 1300 2139 ea
1356 2097 1517 2152 valent,

96 2175 386 2231 proportione
421 2185 606 2228 servata,
655 2187 766 2229 quae
817 2169 868 2213 de
911 2169 1171 2212 hominibus
1216 2168 1517 2225 singularibus

94 2242 331 2287 traduntur
366 2244 409 2286 in
445 2244 543 2286 Iure
579 2241 854 2286 individuali.

166 2468 219 2512 (1)
249 2467 302 2502 Cf.
330 2467 399 2502 vol.
430 2467 472 2501 ΙΙ.
499 2467 589 2503 thes.
619 2466 785 2500 xxxiv,
813 2477 892 2511 pag.
918 2463 992 2509 336.
