1705 2787
648 64 906 107 -355—

69 161 125 203 sit
158 158 368 202 omnibus
402 159 675 216 principium
708 157 1092 200 manifestativum
1125 155 1379 198 officiorum
1413 155 1487 213 (1)

68 231 121 274 ad
155 229 358 273 divinum
393 229 564 272 cultum
598 230 911 287 spectantium,
966 229 1037 271 cui
1092 242 1248 270 omnes
1299 226 1487 269 debeant

68 317 236 344 nomen
261 300 378 357 dare,
397 313 446 343 ut
481 301 562 343 sub
588 300 833 344 directione
857 299 1134 342 auctoritatis
1159 298 1360 340 societati
1384 296 1488 339 huic

68 373 360 430 praesidentis
395 371 633 415 exhibeant
666 373 763 415 Deo
799 371 969 413 cultum
1004 385 1104 412 vere
1127 370 1215 426 Ipsi
1239 381 1486 426 acceptum.

68 443 210 487 Debet
235 445 372 501 igitur
396 443 535 485 homo
560 442 815 485 individuus
839 456 1103 499 supremum
1124 441 1306 484 Numen
1340 439 1484 482 colere

69 513 152 557 sub
176 513 420 557 directione
445 525 486 555 et
511 511 884 555 determinatione
909 511 1203 566 auctoritatis,
1228 525 1338 568 quae
1362 524 1485 567 prae-

69 585 210 628 dictae
244 585 445 628 societati
479 596 665 641 praeest,
716 582 923 641 idemque
947 594 1169 640 praestare
1215 580 1345 624 debet
1378 580 1490 638 poli-

71 657 156 699 tica
179 657 495 699 communitas.

190 727 345 770 Plures
380 726 563 784 quidem
599 739 702 769 sunt
737 727 985 781 societates,
1021 740 1185 782 eaeque
1234 735 1486 780 pugnantes

71 800 187 842 inter
220 815 267 842 se
299 815 347 842 ac
381 799 627 856 oppositae,
677 813 790 855 quae
835 797 989 840 dicunt
1023 812 1067 839 se
1102 796 1188 839 tale
1221 810 1390 838 munus
1424 806 1487 836 ta-

71 871 250 929 lemque
284 882 552 928 potestatem
586 886 609 912 a
643 871 740 912 Deo
775 870 1007 926 accepisse.
1063 869 1120 910 At
1165 880 1385 924 quaenam
1434 865 1490 907 sit

75 944 277 999 societas,
311 958 423 1001 quae
457 941 500 985 id
534 957 637 985 cum
670 942 854 985 veritate
888 939 1093 995 affirmet,
1128 953 1219 980 non
1254 936 1489 980 difficulter

74 1014 207 1070 videt,
242 1015 317 1072 qui
351 1014 571 1057 iudicium
616 1013 811 1071 prudens
861 1013 1177 1067 sincerumque
1221 1007 1489 1051 adhibuerit.

68 1086 247 1128 Etenim
281 1086 557 1142 argumentis
593 1084 826 1142 permultis
880 1096 1012 1140 atque
1060 1079 1322 1134 illustribus,
1359 1080 1489 1122 nimi-

73 1172 175 1200 rum
208 1157 470 1214 impletione
503 1157 833 1211 vaticiniorum,
867 1153 1117 1212 frequentia
1162 1150 1487 1209 prodigiorum,

72 1227 362 1271 celeberrimo
398 1226 499 1270 fidei
531 1227 600 1270 vel
634 1242 709 1284 per
744 1225 915 1268 medios
941 1224 1091 1267 hostes
1126 1238 1174 1265 ac
1198 1222 1390 1264 maxima
1408 1221 1490 1262 im-

71 1299 324 1357 pedimenta
342 1300 663 1356 propagatione
683 1297 770 1356 (2),
790 1298 974 1356 aliisque
994 1294 1214 1338 similibus
1248 1293 1401 1350 liquet,
1421 1307 1489 1334 so-

72 1371 292 1426 cietatem,
327 1370 379 1413 de
413 1385 497 1427 qua
531 1370 819 1427 inquirimuS,
855 1384 946 1411 non
981 1384 1074 1410 esse
1110 1366 1192 1411 nisi
1237 1363 1488 1406 Ecclesiam

73 1440 256 1484 Christi.

190 1514 377 1569 Rursus,
396 1512 543 1570 plures
569 1511 751 1570 quidem
765 1525 869 1555 sunt
883 1513 1130 1569 societates,
1166 1528 1330 1570 eaeque
1355 1513 1487 1555 etiam

71 1597 320 1643 pugnantes
356 1586 470 1628 inter
505 1600 549 1627 se
583 1597 625 1627 et
659 1587 921 1640 contrariae,
955 1600 1065 1642 quae
1090 1585 1245 1628 dicunt
1268 1600 1313 1626 se
1338 1599 1488 1628 veram

69 1671 163 1699 esse
198 1656 367 1699 Christi
400 1656 656 1698 Ecclesiam.
692 1655 739 1697 Id
773 1655 878 1698 dicit
927 1655 1120 1697 Ecclesia
1164 1656 1395 1710 catholica,
1444 1654 1488 1698 id

70 1726 223 1770 dicunt
257 1740 399 1770 sectae
419 1727 718 1782 Calvinistica,
754 1727 1022 1782 Lutherana,
1056 1726 1371 1769 Methodistica
1405 1739 1486 1769 ete.

69 1801 127 1842 At
151 1816 202 1842 ex
235 1815 322 1842 una
340 1812 461 1856 parte
486 1798 816 1856 perpendantur
843 1799 1061 1841 Ecclesiae
1082 1798 1322 1841 catholicae
1344 1799 1486 1855 origo,

70 1883 111 1912 et
146 1886 233 1913 una
266 1886 367 1913 cum
403 1883 613 1928 perpetua
647 1871 758 1912 serie
793 1886 982 1912 suorum
1033 1870 1305 1913 Pontificum
1355 1886 1485 1913 num-

70 1958 206 1999 quam
241 1955 411 1985 mutata
444 1941 566 1998 fides,
603 1958 623 1984 a
659 1959 691 1984 s.
727 1943 859 1984 Petro
895 1942 1094 1999 adeoque
1128 1957 1150 1984 a
1185 1942 1367 1984 Christo
1391 1943 1487 1999 ipso
1536 1941 1542 1948 '

145 2140 191 2182 (1)
219 2139 317 2173 Haec
345 2139 464 2174 officia
491 2140 546 2184 (ut
575 2141 645 2174 ian]
673 2140 845 2185 diximus)
861 2141 1072 2182 consistunt,
1101 2138 1169 2174 alia
1196 2140 1340 2185 quidem
1363 2140 1396 2173 in
1418 2152 1490 2174 cre-

69 2197 186 2240 dendo,
217 2197 284 2232 alia
311 2210 396 2232 vero
427 2201 461 2232 in
488 2199 629 2244 argundi).

141 2256 197 2302 (2)
224 2257 411 2291 Notissimi
440 2268 521 2292 sunt
549 2270 672 2292 versus
701 2259 837 2300 Daritis,
873 2259 953 2293 Par.
982 2259 1111 2291 XXIV.

310 2318 355 2350 Se
394 2317 417 2351 il
452 2318 587 2351 mondo
616 2319 642 2351 si
673 2318 801 2350 rix-0150
830 2317 860 2351 al
897 2318 1156 2359 cristianesmo,

356 2377 500 2418 Dissio,
528 2389 633 2410 senaa
662 2376 834 2418 miracoli,
862 2378 1051 2421 quest'uno

357 2427 382 2468 ΪΞ
403 2435 461 2477 tal,
481 2435 546 2468 che
575 2435 620 2479 gli
651 2435 725 2468 altri
755 2447 825 2469 non
855 2447 944 2469 sono
965 2435 987 2469 il
1007 2444 1203 2469 centesmo.
