1705 2787
660 85 713 91 ,,
747 73 830 116 329
869 87 921 92 -,

83 167 322 225 scripserit.
345 167 386 210 Is
406 182 507 209 cum
535 167 905 224 interrogaretur,
930 183 1008 211 eur
1033 167 1210 211 nullum
1234 166 1505 223 supplicium

83 239 391 283 constit-uisset
423 239 469 281 in
503 253 621 294 eum,
647 240 722 296 qui
756 252 986 296 parentem
1012 251 1236 293 necasset3
1262 238 1506 296 respondit,

83 325 128 352 se
163 308 205 352 id
240 308 469 351 nerninem
503 307 726 351 facturum
762 321 952 366 putasse.
989 309 1219 366 Sapienter
1254 308 1408 353 fecisse
1442 309 1506 352 di-

84 381 214 436 citur,
248 394 352 422 cum
386 377 438 421 de
462 393 514 420 eo
548 378 661 421 nihil
685 381 893 435 sanxerit,
919 379 1039 437 quod
1061 393 1188 422 antea
1213 380 1507 423 commissum

83 464 175 493 non
209 460 326 492 erat:
362 463 416 490 ne
451 464 543 490 non
578 461 668 491 tam
703 448 941 505 prohibere
976 465 1109 507 quam
1155 449 1398 492 admonere
1446 451 1510 492 vi-

84 520 276 564 deretur.
313 520 499 572 Quanto
537 520 729 562 maiores
779 522 921 563 nostri
971 522 1231 578 sapientius,
1280 515 1355 578 qui
1404 536 1507 563 cum

83 593 400 649 intelligerent,
421 591 532 634 nihil
551 606 645 633 esse
665 603 754 634 tam
774 605 994 648 sanctum,
1014 591 1133 650 quod
1159 608 1249 635 non
1270 592 1508 650 aliquando

83 664 269 707 violaret
303 662 482 705 audacia
516 661 604 721 (Ι),
639 664 909 720 supplicium
943 665 987 705 in
1023 661 1259 720 parricidas
1284 663 1508 720 singulare

86 735 476 791 excogitaverunt:
512 746 575 788 ut,
610 749 721 791 quos
758 746 913 776 natura
949 735 1039 790 ipsa
1076 735 1267 776 retinere
1292 735 1336 776 in
1361 734 1506 777 officio

85 823 177 850 non
212 807 446 863 potuisset,
481 807 509 848 ii
544 805 855 861 magnitudine
905 821 1073 862 poenae
1122 805 1343 848 maleficio
1387 822 1507 849 sum-

85 888 377 920 moverentur
403 875 489 934 (2):
516 877 636 918 insui
670 875 914 918 voluerunt
939 877 981 917 in
1009 877 1187 918 culeum
1212 877 1351 931 vivos,
1376 888 1508 934 atque

87 949 146 991 ita
180 948 226 990 in
261 947 431 990 flumen
466 945 593 989 deiiei
628 945 714 1004 (3).
741 946 782 989 O
820 947 1093 1003 singularem
1134 948 1414 1004 sapientiam,
1438 948 1508 990 Iu-

89 1018 230 1062 dices!
265 1018 429 1061 Nonne
463 1016 669 1059 videntur
694 1016 812 1058 hune
840 1016 1073 1059 hominem
1099 1033 1149 1059 ex
1173 1032 1324 1060 rerum
1350 1029 1509 1059 natura

91 1090 324 1133 sustulisse
378 1102 420 1132 et
473 1089 704 1146 eripuisse,
760 1090 830 1130 cui
886 1102 1066 1145 repente
1116 1088 1302 1144 caelum,
1352 1089 1508 1144 solem,

87 1177 262 1220 aquam,
297 1174 552 1218 terramque
586 1159 878 1204 ademerunt?
928 1172 977 1202 ut
1022 1161 1097 1217 qui
1149 1175 1251 1202 eum
1296 1172 1509 1216 necasset,

90 1232 207 1276 unde
242 1234 334 1289 ipse
368 1245 498 1274 natus
536 1244 664 1287 esset,
704 1244 871 1274 careret
916 1232 967 1273 iis
1018 1230 1148 1273 rebus
1183 1230 1410 1287 omnibus,
1459 1247 1510 1274 ex

88 1301 250 1361 quibus
270 1303 419 1344 omnia
440 1314 540 1344 nata
559 1316 653 1343 esse
672 1301 881 1343 dicuntur
906 1299 992 1358 (4).
1012 1300 1269 1343 Noluerunt
1288 1299 1390 1343 feris
1414 1316 1509 1343 eor-

88 1389 170 1433 pus
191 1372 399 1429 obiicere,
434 1388 487 1415 ne
515 1371 662 1414 bestiis
688 1386 883 1429 quoque,
907 1386 1018 1428 quae
1044 1383 1219 1413 tantum
1245 1370 1387 1414 scelus
1413 1372 1511 1414 atti-

89 1448 270 1503 gissent,
319 1442 663 1487 immanioribus
714 1455 968 1485 uteremur:
1020 1457 1111 1484 non
1161 1443 1221 1484 sie
1271 1442 1415 1486 nudos
1463 1444 1508 1486 in

90 1519 260 1562 flumen
296 1516 498 1572 deiicere,
533 1530 603 1571 ne,
637 1530 739 1557 cum
774 1514 905 1557 delati
940 1526 1086 1556 essent
1121 1515 1166 1556 in
1201 1529 1336 1569 mare,
1360 1515 1508 1571 ipsum

93 1591 359 1649 polluerent,
394 1605 483 1647 quo
520 1601 677 1644 cetera,
713 1603 822 1645 quae
857 1586 1017 1629 violata
1053 1599 1171 1641 sunt,
1221 1587 1385 1643 expiari
1430 1602 1509 1644 pu-

93 1674 258 1706 tantur.
293 1662 499 1718 Denique
533 1659 645 1702 nihil
679 1672 768 1702 tam
803 1658 902 1713 vile,
938 1673 1015 1699 nee
1066 1669 1155 1700 tam
1204 1657 1384 1713 vulgare
1428 1670 1508 1715 est,

92 1733 217 1775 cuius
252 1744 428 1789 partem
464 1730 599 1773 ullam
649 1729 925 1786 reliquerint.
962 1728 1141 1769 Etenim
1178 1726 1284 1784 quid
1318 1739 1408 1770 tam
1441 1738 1508 1769 est

164 1928 221 1973 (1)
248 1929 300 1962 En
328 1928 373 1971 id,
401 1928 497 1973 quod
523 1927 629 1973 paulo
646 1936 726 1962 ante
747 1927 1004 1968 asserebamus,
1023 1938 1151 1970 nempe
1172 1926 1413 1959 necessarium
1434 1936 1512 1959 esse

97 1988 316 2022 constituere
344 1987 444 2032 leges
473 1988 649 2021 atrociora
677 1987 824 2020 crimina
858 1986 1090 2030 prohibentes
1130 1985 1192 2019 sub
1231 1985 1514 2018 comminatione

94 2057 235 2091 poenae
265 2045 443 2090 capitalis:
471 2045 559 2080 nihil
588 2046 682 2079 enim
711 2054 764 2078 est
791 2054 864 2079 tam
892 2053 1065 2086 sanctum,
1100 2044 1195 2089 quod
1223 2055 1295 2077 non
1324 2043 1514 2088 aliquando

94 2105 205 2140 violet
233 2106 390 2140 audacia.

169 2169 214 2207 (2)
242 2168 294 2200 En
323 2167 457 2211 optime
486 2177 677 2210 expressus
706 2166 785 2199 finis
814 2176 952 2210 poenae
981 2165 1013 2197 in
1043 2174 1134 2198 statu
1163 2164 1468 2198 comminationi&

174 2226 231 2270 (3)
257 2226 385 2271 Neque
412 2226 447 2259 in
475 2226 542 2259 hoc
573 2226 764 2259 statuendo
793 2224 965 2269 supplicio
1005 2233 1157 2269 possunt
1195 2224 1315 2257 vocari
1355 2224 1512 2258 andalus.

103 2286 198 2320 Nam
229 2298 244 2316 α
264 2285 438 2328 crudeles,
466 2286 512 2320 ait
533 2287 669 2319 Seneca
692 2286 734 2318 de
756 2285 922 2318 elenztnt.
942 2285 982 2317 ll.
1002 2295 1044 2326 4.,
1064 2293 1248 2325 vocantur,
1269 2285 1326 2328 qui
1345 2284 1513 2328 puniendi

105 2357 250 2380 causam
271 2345 415 2388 habent,
434 2345 583 2379 modum
605 2354 726 2378 tamen
748 2356 821 2378 non
865 2344 1008 2378 habent.
1027 2358 1042 2375 υ
1064 2363 1106 2368 -
1135 2344 1188 2377 De
1228 2342 1435 2377 crudelitate
1473 2343 1515 2377 cs.

101 2417 129 2438 s.
156 2404 350 2446 Thomam,
390 2414 421 2438 2.
450 2415 481 2439 2.
509 2416 539 2448 q.
571 2415 645 2447 157.
675 2415 706 2437 a.
738 2415 763 2437 1.
793 2403 835 2437 ad
868 2408 922 2447 3.¹¹¹
953 2412 987 2437 et
1014 2414 1045 2447 q.
1078 2414 1151 2445 159.

169 2463 225 2508 (4)
241 2463 404 2504 Adnotes
422 2475 543 2497 curam
562 2463 594 2497 in
614 2463 786 2496 servanda
803 2463 1035 2507 proportione
1046 2462 1184 2507 culpam
1201 2462 1516 2507 interetpoeuam,
