1705 2787
681 91 733 96 -
768 78 848 122 333
889 91 941 96 -

100 186 308 230 suprema
342 170 525 229 quidem
560 183 602 214 et
636 171 940 228 independens
975 173 1020 214 in
1056 173 1268 230 principe,
1318 172 1522 217 subordi-

100 258 200 288 nata
233 256 384 288 autem
419 256 461 286 et
497 243 751 301 dependens
786 246 832 287 in
867 243 1086 302 praefecto
1120 244 1296 303 (1)-
1319 244 1520 295 Habetur

101 329 150 371 ut
184 315 396 372 delegata,
420 314 612 372 ‘quando
647 331 738 357 non
774 314 960 358 habetur
996 316 1036 357 vi
1071 315 1219 371 officii,
1254 315 1328 358 sed
1365 328 1412 358 ut
1449 315 1521 358 de-

102 386 308 431 mandata
326 402 404 430 seu
418 387 658 429 commissa
673 386 724 428 ab
740 386 929 429 habente
949 399 1216 444 potestatem
1237 386 1521 435 ordinariam,

103 458 379 502 Commissio
413 470 576 510 autem,
600 472 677 500 seu
713 456 930 514 delegatio
965 471 1112 515 potest
1156 457 1331 501 duobus
1377 458 1522 501 modis

103 529 212 572 fieri.
247 529 351 571 Uno
385 527 538 584 modo,
574 540 622 571 ut
657 530 918 571 commissio
952 530 1008 571 sit
1042 542 1220 572 tantum
1260 529 1311 572 ad
1362 531 1523 572 exami-

103 599 303 650 nandum
323 612 364 643 et
382 598 687 656 iudicandum,
708 613 862 643 utrum
887 616 922 643 e.
938 616 978 657 g.
1014 602 1081 644 lex
1100 600 1151 643 de
1177 603 1302 644 cuius
1322 601 1522 658 promul-

103 673 281 730 gatione
314 672 460 728 agitur
494 672 550 714 sit
584 668 700 714 iusta
734 684 775 713 et
810 673 1069 727 necessaria,
1089 684 1164 715 aut
1188 671 1350 729 quibus
1376 671 1520 715 verbis

104 741 282 795 ferenda
316 744 385 786 sit.
422 743 522 785 Alio
558 741 710 797 modo,
746 755 793 785 ut
827 758 927 785 vere
963 742 1227 786 demandata
1251 744 1307 786 sit
1331 745 1424 800 ipsa
1448 760 1525 801 po—

106 828 256 872 testas,
291 831 327 858 e.
362 830 400 871 g.
426 813 610 857 facultas
637 815 726 870 ipsa
748 830 905 856 verum
930 830 976 856 ac
1002 816 1235 871 proprium
1260 802 1527 872 imponendi

89 898 409 945 praeceptum,
434 883 555 943 quod
588 886 678 928 vim
714 900 761 927 ac
798 884 933 928 robur
958 885 1115 928 habeat
1134 885 1299 943 absque
1328 886 1408 929 alia
1429 902 1530 929 con-

109 959 363 1002 firmatione
397 957 466 1000 vcl
498 956 821 1014 approbatione
856 957 1101 1014 delegantis
1117 957 1203 1015 (2).
1224 958 1348 1000 Patet
1376 971 1526 1001 autem

107 1042 374 1087 potestatem
393 1028 640 1085 delegatam
660 1043 753 1070 esse
772 1044 947 1085 semper
968 1027 1309 1086 dependentem.
1326 1056 1379 1060 —-
1395 1031 1528 1073 Hisce

109 1101 380 1158 praemissis,
415 1099 505 1142 duo
540 1099 796 1141 statuimus.

226 1171 258 1213 I.
293 1170 406 1212 Tres
440 1169 538 1212 illae
572 1181 828 1225 potestates‘‚
879 1185 990 1226 quae
1040 1185 1296 1226 supremam
1340 1172 1531 1213 auetori-

109 1256 247 1286 tatem
280 1255 575 1300 componunt,
610 1253 715 1284 sunt
749 1240 1013 1297 delegabiles
1050 1254 1240 1298 utroque
1266 1241 1340 1284 illo
1365 1241 1416 1284 de
1442 1258 1531 1300 quo

111 1331 229 1360 nunc
264 1313 519 1358 dicebamus
554 1313 715 1367 modo3
751 1314 893 1355 immo
942 1313 1171 1355 moraliter
1227 1315 1530 1356 necessarium

112 1399 177 1430 est
211 1385 332 1444 quod
366 1387 503 1443 priori
527 1386 790 1442 praesertim
813 1383 950 1427 modo
976 1382 1253 1440 delegentur,
1280 1398 1320 1427 et
1346 1385 1530 1442 quidem

112 1460 171 1502 ita
205 1469 253 1500 ut
286 1457 488 1515 pluribus
524 1458 733 1514 separatis
755 1457 958 1514 personis
984 1454 1313 1499 demandentur
1341 1470 1382 1500 et
1408 1473 1528 1500 exer-

115 1528 277 1573 cendae
312 1530 656 1572 committantur
691 1528 778 1587 (3).

234 1601 412 1644 Etenim
445 1600 494 1660 α)
528 1601 723 1644 diversae
757 1613 861 1642 sunt
906 1601 1068 1642 mentis
1118 1601 1345 1657 animique
1394 1600 1535 1657 dotes,

117 1688 225 1731 quas
260 1673 521 1716 exercitium
556 1673 910 1729 uniuscuiusque
947 1688 998 1714 ex
1032 1671 1174 1714 tribus
1210 1672 1294 1714 illis
1344 1684 1536 1729 potesta·

117 1743 234 1787 tibus
270 1745 536 1802 expostulat,
572 1756 613 1787 et
647 1745 706 1786 ita
739 1743 950 1799 diversae,
988 1756 1050 1799 ut,
1096 1756 1261 1786 attenta
1314 1744 1536 1787 humanae

118 1827 302 1859 naturae
335 1815 611 1871 infirmitate,
646 1817 717 1858 vix
753 1831 969 1873 umquam
1006 1816 1048 1857 in
1075 1831 1166 1857 uno
1192 1815 1440 1873 eodemque
1465 1832 1537 1859 su-

120 1887 262 1930 biecto
298 1889 574 1945 reperiantur
610 1888 889 1929 coniunctae.
908 1914 959 1917 —
980 1887 1165 1943 insuper
1189 1888 1235 1946 (3)
1255 1886 1349 1929 fieri
1369 1889 1538 1945 nequit,

121 1972 169 2005 ut
206 1960 282 2003 uni
316 1975 531 2017 personae
566 1972 771 2017 suppetat
807 1960 948 2001 otium
988 1972 1028 2002 et
1054 1961 1215 2002 mentis
1242 1960 1538 2017 tranquillitas

191 2179 247 2224 (r)
275 2180 364 2214 Item
392 2189 554 2225 potestas
583 2180 835 2215 iurisdictionis
864 2188 916 2213 est
950 2180 1129 2214 ordinaria
1158 2181 1191 2213 in
1220 2181 1387 2214 Romano
1415 2181 1542 2215 Ponti—

121 2237 189 2272 fice
219 2247 253 2272 et
279 2239 315 2273 in
342 2240 470 2272 ceteris
499 2239 697 2283 Episcopis:
720 2250 885 2283 suprema
904 2239 1051 2283 quidem
1083 2248 1115 2272 et
1143 2239 1391 2284 independens
1412 2241 1446 2273 in
1475 2238 1541 2274 Illo

122 2298 157 2332 in
176 2297 231 2331 his
260 2307 380 2332 autem
407 2298 637 2332 subordinata
659 2308 693 2332 et
722 2298 941 2342 dependens.
970 2318 1011 2323 —
1034 2300 1087 2332 De
1105 2299 1335 2333 distinctione
1354 2301 1541 2345 potestatis

124 2356 160 2389 in
186 2362 378 2402 supremam
407 2364 441 2389 et
466 2356 726 2389 subordination
756 2356 911 2388 diximus
949 2367 1064 2400 super.
1092 2368 1170 2401 pag.
1204 2357 1281 2401 187.

198 2415 255 2459 (2)
283 2414 337 2449 Cs.
366 2416 510 2457 Suarez,
539 2415 581 2448 de
607 2415 674 2459 leg.
704 2415 724 2448 l.
753 2416 811 2448 Ill.
839 2428 868 2449 c.
895 2425 926 2457 4.
953 2428 1050 2450 num.
1078 2428 1110 2459 a).
1137 2429 1236 2462 seqq.

200 2475 251 2519 (3)
277 2475 332 2508 Ad
367 2486 444 2514 rem
484 2474 629 2515 faciunt,
670 2485 760 2519 quae
803 2474 968 2517 leguntur
1006 2477 1120 2510 Fxod.
1161 2478 1291 2512 XVIII.
1335 2489 1370 2523 13
1402 2498 1444 2504 —
1475 2477 1545 2513 26.:
