1705 2787
793 85 1052 140 ...352-

213 210 323 252 opus
357 194 426 247 sit,
461 206 595 249 quam
630 191 816 233 incitari.
854 208 874 230 »
912 189 1052 233 Debet
1087 191 1250 232 scilicet
1287 189 1368 232 hoc
1393 190 1628 246 negotium

211 283 231 309 a
267 263 540 323 principibus
577 264 725 320 peragi
761 261 1008 304 secundum
1059 261 1351 305 directionem
1387 261 1504 304 illius
1554 276 1629 304 au-

211 337 443 390 ctoritatis,
478 335 548 377 cui
583 333 633 377 de
670 333 800 376 rebus
836 349 945 391 quae
980 332 1031 376 ad
1065 332 1266 376 divinum
1302 333 1474 375 cultum
1500 333 1632 390 perti-

213 421 318 450 nent
353 422 454 448 cura
496 418 561 448 est
604 397 817 448 divinitus
864 406 1125 448 commissa:
1178 404 1289 447 hanc
1339 403 1632 447 directionem

213 479 374 523 debent
408 478 627 535 principes
662 477 810 519 civiles
845 489 1048 534 expetere
1082 492 1129 519 ac
1165 477 1306 534 sequi.

304 563 402 605 203.
438 548 682 591 SCHOLION.
726 546 976 590 Obiiciunt:
1015 547 1207 590 Ecclesia
1241 547 1457 590 catholica
1492 548 1633 590 utitur

214 619 378 676 duplici
398 633 620 661 mensura.
650 619 828 661 Etenim
854 619 897 661 in
923 617 1145 675 republica
1165 617 1378 661 catholica
1403 616 1634 677 vult-adhi-

217 690 307 734 beri
341 691 665 747 repressionem
701 701 855 732 contra
880 689 988 732 alios
1014 689 1175 745 cultus,
1210 691 1254 732 in
1280 688 1501 746 republica
1527 704 1632 732 vero

217 760 486 804 lieterodoxa
500 776 591 804 non
606 761 699 803 vult
714 762 1040 818 repressionem
1055 760 1253 804 adhiberi
1267 773 1420 804 contra
1430 761 1633 818 seipsam.
1673 759 1675 762 ⁴

335 833 571 889 Responsio.
614 832 711 874 Una
747 844 811 874 est
835 847 1062 885 mensura,
1087 848 1171 891 qua
1199 833 1390 875 Ecclesia
1417 831 1632 874 catholica

219 903 373 945 utitur.
424 903 601 945 Etenim
657 902 741 945 hoc
786 918 931 945 unum
966 903 1154 960 applicat
1188 905 1473 961 principium:
1519 903 1635 945 Vera

219 973 387 1016 Christi
422 972 615 1019 Ecclesia
649 972 715 1031 (et
752 973 945 1016 Ecclesia
980 973 1208 1016 Catholica
1259 987 1322 1016 est
1372 986 1503 1030 certa,
1543 988 1636 1016 non

218 1056 309 1086 tam
343 1045 555 1101 opinione
594 1045 786 1102 propria,
822 1060 955 1102 quam
990 1045 1149 1088 divinis
1185 1047 1471 1101 testimoniis,
1506 1047 1552 1088 in
1590 1059 1634 1086 se

220 1131 308 1158 una
340 1116 571 1158 veritatem
606 1115 723 1174 esse)
758 1114 889 1158 habet
922 1117 990 1158 ius
1025 1116 1258 1160 coercendi
1291 1118 1336 1159 in
1361 1129 1544 1159 externo
1565 1131 1641 1158 or-

220 1185 321 1230 dine
355 1186 560 1230 homines
596 1202 617 1229 a
651 1203 696 1229 se
730 1187 991 1230 dissidentes
1017 1201 1057 1231 et
1082 1189 1238 1246 procul
1263 1204 1284 1230 a
1308 1189 1490 1231 veritate
1514 1188 1637 1232 aber-

221 1270 381 1313 ranteS‚
430 1270 478 1300 ut
512 1273 587 1300 eos
623 1258 674 1301 ad
713 1257 846 1301 fidem
897 1258 1075 1302 reducat
1109 1259 1197 1317 (Ι),
1246 1272 1377 1317 atque
1427 1258 1637 1316 impediat

221 1330 463 1386 quominus
499 1341 540 1372 et
564 1329 647 1372 sibi
681 1342 722 1372 et
746 1330 840 1372 aliis
876 1343 1080 1373 noceant.
1116 1332 1213 1373 Hoc
1233 1346 1336 1373 vero
1365 1331 1636 1388 principium

221 1398 453 1455 diversam,
489 1412 538 1442 ut
557 1413 690 1457 patet,
716 1401 850 1457 exigit
884 1402 1240 1458 applicationem,
1265 1414 1400 1459 prout
1426 1403 1548 1459 regio
1573 1412 1638 1444 est

221 1471 434 1514 catholica
459 1472 528 1515 vel
552 1472 838 1515 heterodoxa.

291 1683 347 1729 (1)
374 1684 413 1717 In
441 1693 519 1718 toto
546 1685 615 1719 hoc
646 1686 728 1720 fidei
757 1687 906 1732 negotio
936 1687 1049 1720 homo
1076 1697 1150 1719 non
1176 1685 1282 1719 habet
1321 1686 1387 1719 nisi
1415 1686 1485 1720 hoc
1510 1687 1575 1730 ius,
1603 1696 1641 1722 ut

223 1742 265 1776 ad
295 1742 407 1777 fidem
433 1743 630 1778 adducatur
667 1746 913 1789 persuasione,
954 1756 1027 1778 non
1055 1753 1176 1778 autem
1203 1753 1352 1789 cogatur
1377 1745 1422 1779 vi.
1449 1745 1527 1778 Hoc
1554 1756 1640 1780 vero

222 1801 382 1835 Ecclesia
397 1802 575 1837 catholica
594 1816 737 1850 semper
757 1806 888 1840 docuit:
909 1815 944 1840 et
964 1805 1093 1839 falsum
1115 1805 1231 1839 zelum
1245 1806 1426 1851 redarguit
1441 1806 1641 1852 aliquorum
1684 1798 1687 1799 ⁷

222 1860 430 1904 principum,
459 1861 517 1905 qui
544 1861 635 1896 hanc
676 1862 837 1908 regulam
878 1862 1019 1897 fuerant
1056 1864 1323 1908 praetergressi.
1350 1883 1392 1888 —
1421 1864 1542 1898 Homo
1569 1876 1642 1898 non

223 1919 330 1953 habet
356 1920 408 1953 ius
437 1920 605 1954 credendi
632 1933 696 1966 pro
724 1922 834 1964 libito,
866 1923 928 1956 sed
957 1934 974 1956 e
1005 1923 1183 1956 contrario
1210 1922 1317 1957 habet
1335 1922 1494 1956 officium
1513 1923 1643 1958 adhae-

223 1978 321 2012 rendi
349 1979 554 2013 veritatibus
583 1993 601 2014 a
627 1982 707 2015 Deo
735 1982 912 2024 revelatis,
942 1983 1064 2027 eisque
1092 1981 1340 2016 conformandi
1368 1994 1448 2016 suas
1471 1983 1642 2017 actiones.

223 2037 333 2078 Quod
361 2038 388 2071 si
416 2037 605 2073 infeliciter
631 2041 794 2074 nondum
824 2042 1027 2086 pervenerit
1055 2042 1097 2074 ad
1126 2041 1354 2074 revelationis
1383 2040 1513 2075 factum
1541 2042 1643 2076 dete-

222 2095 390 2139 gendum,
419 2105 560 2131 tenetur
586 2098 706 2132 officio
740 2100 929 2133 adhibendi
957 2112 1077 2133 curam
1099 2112 1136 2134 ac
1157 2100 1275 2133 media
1294 2099 1425 2133 idonea
1444 2100 1487 2134 ad
1506 2109 1643 2134 certam

223 2153 266 2186 de
283 2164 324 2186 ea
340 2165 376 2187 re
392 2154 456 2187 sibi
474 2156 721 2200 cognitionem
738 2158 1028 2202 comparandam.
1046 2157 1100 2191 Cf.
1117 2158 1266 2191 omnino
1280 2157 1351 2191 vol.
1367 2158 1408 2192 II.
1424 2158 1514 2192 thes.
1530 2159 1642 2192 XVII.

224 2212 258 2245 in
285 2223 353 2258 qua
374 2214 523 2265 *egimus
552 2215 595 2248 de
623 2215 744 2250 debito
774 2217 932 2250 divinam
964 2217 1201 2262 amplectendi
1228 2216 1498 2251 revelationem.
1524 2217 1644 2262 Dupli-

222 2282 302 2304 cem
329 2272 552 2307 distinximus
581 2286 727 2309 casum:
756 2276 936 2318 nimirum,
964 2276 1057 2311 illius
1087 2277 1144 2322 qui
1173 2285 1270 2311 certo
1297 2277 1483 2322 cognoscit
1510 2276 1643 2311 factum

225 2330 366 2364 divinae
394 2330 595 2375 locutionis,
624 2343 658 2368 et
685 2334 777 2368 illius
806 2336 863 2380 qui
892 2336 934 2369 de
962 2336 1021 2370 tali
1050 2336 1144 2370 facto
1165 2336 1309 2370 dubitat.
1331 2335 1393 2369 Ille
1411 2345 1552 2370 tenetur
1569 2335 1643 2381 ple-

226 2400 311 2421 num
338 2390 471 2423 mentis
500 2391 712 2437 obsequium
743 2394 772 2426 ei
815 2394 1001 2429 adhibere:
1030 2395 1085 2429 hic
1126 2403 1268 2429 tenetur
1308 2406 1387 2429 eam
1426 2403 1462 2428 ut
1500 2406 1562 2439 par
1589 2403 1642 2428 est

228 2446 415 2496 inquirere,
1506 2450 1508 2452 ¹
