1705 2787
810 61 1070 118 —333-

228 182 308 226 est,
342 181 382 212 et
417 168 579 226 quibus
600 181 664 211 est
689 171 933 212 necessaria
957 170 1213 225 auctoritas,
1240 181 1502 227 rectumque
1526 170 1642 213 eius-

230 241 330 284 dem
365 241 625 283 exercitium
661 256 735 297 per
784 256 945 298 aequas
982 241 1114 297 leges,
1149 256 1287 297 aequa
1330 240 1490 284 iudicia
1533 254 1644 285 etc.:

230 312 351 370 quod
385 324 557 354 rectum
591 313 867 367 exercitium,
903 313 1049 369 posito
1089 311 1208 369 quod
1245 326 1481 369 usurpator
1533 313 1647 356 nolit

232 384 466 426 restituere
499 398 756 440 supremam
800 385 1126 439 auctoritatem,
1176 382 1327 426 haberi
1362 400 1452 427 non
1486 395 1647 442 potest,

232 455 316 497 nisi
350 454 402 496 ab
437 466 700 511 usurpatore
734 454 821 513 (Ι).

349 526 402 568 ΙΙ.
438 525 575 578 Quod
594 526 752 568 attinet
771 525 821 568 ad
840 526 1020 569 aiteram
1044 540 1211 583 partem
1227 527 1517 584 affirmamus,
1532 529 1647 571 cives

232 612 388 639 omnes
423 595 580 639 debere
615 598 666 638 iis
701 597 872 653 legibus
898 613 942 639 se
976 598 1254 642 submittere.
1278 627 1329 631 —
1356 600 1408 642 Et
1442 614 1546 642 sane
1579 614 1649 642 so-

231 670 363 711 cietas
398 669 536 711 civilis
570 680 684 710 stare
718 669 763 711 in.
798 668 953 712 ordine
988 671 1143 727 nequit
1195 672 1288 713 sine
1337 669 1538 713 custodia
1571 685 1648 714 seu

232 739 542 783 observatione
591 739 741 796 legum
790 741 1204 798 sententiarumque
1253 741 1464 784 civilium.
1512 742 1650 799 Atqui

233 810 494 854 huiusmodi
530 811 646 867 leges
680 826 727 853 ac
759 812 1003 854 sententiae
1039 824 1143 854 tune
1178 812 1229 855 de
1253 812 1367 855 facto
1403 812 1553 856 haberi
1576 828 1651 856 ne-

233 895 418 941 queunt,
468 883 552 925 nisi
600 898 712 940 quae
746 882 798 925 ab
832 896 1097 939 usurpatore
1130 883 1340 926 ferantur.
1376 885 1494 941 Ergo
1527 885 1650 941 istae,

232 956 268 997 si
290 970 454 1012 aequae
472 955 575 1010 sint,
595 966 739 996 sunta
758 954 926 997 civibus
947 954 1246 997 observandae
1267 955 1430 1012 exlege
1451 967 1650 1013 naturae,

233 1041 343 1084 quae
377 1026 541 1068 scilicet
576 1027 710 1081 exigit
745 1027 948 1082 omnino,
973 1039 1021 1069 ut
1045 1038 1131 1069 stet
1155 1039 1196 1069 et
1222 1026 1330 1069 bene
1356 1026 1648 1084 ordinateque

233 1108 318 1139 stet
351 1095 476 1139 civile
510 1097 804 1139 consortium.

352 1169 470 1210 Haec
489 1168 623 1210 altera
642 1183 756 1225 parS,
781 1169 893 1210 sicut
913 1181 953 1211 et
968 1184 1066 1225 pars
1102 1168 1383 1225 praecedens7
1402 1168 1652 1212 illustratur

235 1238 354 1281 hisce
372 1238 647 1296 sapientibus
682 1239 826 1283 verbis
862 1240 1085 1297 Tapareili
1119 1239 1214 1298 (2):
1253 1258 1273 1280 «
1320 1241 1368 1283 L’
1386 1252 1652 1297 usurpatore

308 1487 353 1527 (1)
381 1484 562 1527 Similiter,
589 1485 617 1519 si
646 1485 722 1530 quis
751 1485 815 1519 sibi
844 1494 1028 1529 usurparet
1055 1486 1207 1530 patriam
1251 1493 1481 1530 potestatem,
1522 1492 1558 1518 et
1601 1484 1656 1517 in-

236 1555 342 1589 super
367 1556 515 1590 pravam
542 1545 779 1579 directionem
807 1557 870 1579 seu
898 1546 1151 1579 educationem
1179 1545 1259 1579 filiis
1287 1545 1483 1590 praeberet,
1510 1553 1653 1589 praeter

235 1604 409 1646 iniuriam,
438 1615 545 1649 quam
572 1604 723 1639 inferret
749 1606 850 1649 patri,
880 1606 910 1638 ei
939 1604 1134 1639 auferendo
1164 1613 1199 1638 et
1225 1604 1414 1638 retinendo
1442 1604 1572 1638 iniuste
1591 1614 1656 1648 pa-

234 1672 374 1697 ternam
401 1664 662 1706 auctoritatem,
690 1664 855 1698 iniuriam
883 1664 988 1698 aliam
1016 1663 1159 1697 inferret
1188 1664 1279 1706 filiis,
1307 1664 1343 1697 in
1389 1675 1543 1708 quorum
1586 1663 1653 1696 bo-

235 1735 321 1757 num
348 1732 402 1758 est
429 1732 462 1757 et
489 1724 614 1769 quibus
643 1732 695 1758 est
722 1724 966 1758 necessarium
994 1733 1130 1757 rectum
1156 1725 1291 1769 patriae
1330 1723 1422 1757 illius
1465 1723 1654 1768 potestatis

238 1783 456 1817 exercitium.

308 1840 364 1885 (2)
391 1841 516 1887 Saggio
546 1853 621 1877 ecc.
646 1842 784 1877 dissert.
812 1842 871 1876 ΙΙΙ.
899 1852 974 1886 cap.
1001 1842 1044 1875 V.
1072 1853 1105 1874 n.
1134 1839 1213 1884 655.
1240 1840 1353 1874 Paulo
1374 1839 1535 1881 superius
1563 1839 1652 1873 haec

235 1900 352 1934 habet:
384 1912 399 1930 a
425 1902 626 1943 Avvertasi,
655 1901 720 1935 che
748 1900 836 1935 altro
865 1902 883 1934 e
911 1913 957 1934 un
985 1901 1089 1934 Aristo
1119 1905 1235 1934 contro
1264 1900 1380 1941 drino,
1411 1898 1500 1933 altro
1545 1901 1563 1932 e
1607 1910 1656 1932 un

237 1960 343 1994 dritto
364 1961 543 2006 posseduto
572 1965 687 1995 contro
715 1961 832 2003 Aristo,
860 1961 895 1994 in
924 1960 1000 1994 altri
1045 1960 1199 2001 termini,
1240 1958 1329 1993 altro
1362 1961 1379 1992 e
1415 1957 1573 1991 -azctorz'tii
1608 1958 1657 1990 in-

236 2022 362 2066 giusta,
390 2021 496 2056 dritto
537 2021 569 2054 di
599 2021 815 2055 comandare
842 2033 926 2054 coss.
955 2028 1081 2053 contro
1109 2017 1273 2059 l'ordine,
1304 2016 1394 2051 altro
1418 2017 1566 2062 ingz'ztsto
1581 2021 1657 2061 pos-

237 2092 320 2114 sesso
349 2080 383 2113 di
408 2081 523 2126 giusta
551 2081 715 2122 azitoritii,
745 2080 850 2114 dritto
878 2080 911 2113 di
939 2078 1134 2113 comandar
1162 2088 1246 2110 cose
1265 2077 1381 2122 giuste
1403 2083 1568 2110 ottenuto
1594 2085 1658 2120 per

238 2141 294 2174 vie
321 2141 475 2185 ingiuste
501 2154 517 2172 »
547 2140 638 2174 Hinc
664 2148 773 2184 patet,
801 2139 896 2184 quod
923 2139 1094 2172 iudicium
1128 2136 1315 2171 ferendum
1343 2136 1387 2170 sit
1415 2135 1458 2169 de
1502 2134 1655 2176 Ahrens,

239 2198 381 2244 quando
410 2199 475 2233 ait:
504 2210 520 2228 (s
538 2199 586 2232 La
613 2198 817 2244 legittimitii
843 2209 916 2231 non
945 2199 962 2230 e
991 2209 1061 2231 una
1088 2197 1276 2241 questione
1304 2195 1444 2229 storica:
1466 2205 1512 2227 un
1533 2201 1657 2239 potere

237 2260 308 2303 puo
337 2270 443 2292 avere
468 2257 501 2292 ia
529 2270 591 2292 sua
619 2259 758 2303 origine
786 2259 822 2291 in
850 2257 924 2291 fatti
954 2268 1029 2290 non
1057 2255 1274 2302 giustificati‚
1318 2266 1376 2288 ma
1404 2253 1548 2299 quando
1576 2263 1658 2286 esso

238 2317 343 2350 viene
371 2317 561 2350 esereitato
589 2316 748 2350 secondo
777 2315 976 2349 l'interesse
1007 2313 1099 2347 della
1126 2313 1277 2347 nazione
1305 2314 1323 2346 e
1353 2312 1530 2357 legittimo.
1557 2324 1573 2342 »
1594 2309 1661 2344 Di-

239 2376 409 2421 stinguo:
440 2384 493 2410 est
520 2374 721 2421 legitimum
749 2374 867 2420 quoad
897 2374 1105 2408 exercitium
1134 2384 1222 2407 conc.
1241 2371 1359 2418 quoad
1386 2369 1658 2417 possessionem

241 2446 335 2479 nego.
