1705 2787
281 150 426 185 stinctio
455 151 597 187 divortii
625 152 662 187 in
680 152 879 198 perfectum
898 163 932 189 et
946 152 1208 199 imperfectum.
1230 172 1270 178 —
1288 154 1421 198 Imper-

279 207 412 244 fectum
438 220 559 256 potest
585 212 801 258 quandoque
828 223 908 246 esse
940 212 1087 246 licitum:
1107 232 1150 237 —
1169 213 1318 246 minime
1337 223 1424 247 vero

279 268 480 313 perfectum
510 297 1411 309 ................
1469 272 1511 317 87

144 338 219 372 131.
247 328 587 365 Demonstratio.
616 349 658 354 —-—
692 342 721 364 1.
749 330 882 364 Thesis
908 330 1078 375 probatur
1105 340 1151 364 ex
1177 330 1346 376 inspectis
1366 342 1425 364 na-

281 387 452 422 turalibus
469 390 627 435 coniugii
642 390 783 424 finibus.
802 410 843 414 —
861 400 893 424 2.
910 389 1218 423 Confirmationes
1235 389 1420 423 adduntur.

277 465 324 472 —
352 458 383 492 3.
422 447 552 482 Utrum
589 448 885 484 indissolubilitas
925 450 1119 483 intrinseca
1161 450 1419 494 praescribatur

279 507 364 551 ipsis
390 506 514 551 primis
541 507 712 542 naturalis
741 508 830 554 legis
857 510 1068 553 praeceptis,
1090 528 1131 534 ——
1152 518 1182 550 4.
1203 509 1421 553 Praecipuae

278 564 466 600 solvuntur
493 566 719 602 difficultates
749 595 756 601 .
807 593 815 611 ,
866 594 1410 602 ..........
1463 578 1509 613 90

144 634 219 668 132.
247 624 469 660 Scholion.
497 646 539 649 ——
572 637 601 660 1.
628 627 682 660 De
711 627 944 661 matrimonio
972 636 1010 661 ut
1049 637 1102 661 est
1135 627 1318 661 Ecclesiae
1360 639 1417 660 sa-

278 692 515 719 cramentum.
543 703 587 710 —
615 678 705 729 Fini,
725 697 831 731 quern
850 688 898 721 sic
916 687 1116 732 inspectum
1136 686 1254 728 habet,
1275 695 1418 720 contra-

277 743 361 778 dicit
389 743 583 778 divortium
610 745 822 790 perfectum.
850 766 890 770 —
930 757 959 780 2.
1000 747 1055 780 De
1095 747 1344 791 propositione
1383 747 1417 780 in

276 802 423 850 Syllabo
450 804 703 839 condemnata:
731 806 806 839 iure
821 815 969 840 naturae
991 806 1214 840 matrimonii
1233 804 1415 839 vinculum

275 875 351 899 non
377 872 431 899 est
457 865 704 900 indissolubile
748 892 1109 901 .......
1161 877 1168 883 ·
1223 893 1229 898 .
1286 892 1293 898 .
1345 891 1353 899 .
1405 893 1412 900 .
1445 876 1509 900 102

87 946 276 992 'rhesis
308 947 489 991 XLVII.
523 974 581 980 —
612 949 675 991 De
707 948 967 991 naturalibus
1002 950 1224 1005 coniugum
1247 948 1401 1005 officiis.
1427 962 1508 1005 104

139 1053 213 1087 133.
241 1043 579 1080 Demonstratio.
605 1062 653 1070 —·
678 1046 733 1079 De
761 1044 887 1078 officiis
915 1046 1053 1090 utrique
1082 1045 1226 1090 coniugi
1246 1056 1413 1078 commu-

277 1102 391 1136 nibus:
411 1123 453 1127 ——
475 1103 518 1136 de
546 1103 673 1137 officiis
701 1104 831 1137 marito
861 1113 895 1138 et
921 1104 1023 1137 uxori
1053 1103 1290 1148 peculiaribus
1340 1127 1350 1137 .
1400 1129 1408 1137 .
1459 1103 1504 1137 ib.

138 1170 213 1205 134.
242 1162 515 1198 Scholion.—
527 1163 582 1197 De
597 1162 864 1207 impedimentis
881 1162 1149 1196 matrimonium
1167 1162 1414 1195 dirimentibus

275 1220 432 1255 breviter
459 1222 636 1267 agitur.--
657 1222 784 1255 Utrum
803 1220 918 1266 aliqua
935 1221 1140 1254 huiusmodi
1157 1221 1414 1263 impedimenta

276 1287 409 1314 statuat
436 1279 493 1314 lex
519 1281 596 1325 ipsa
623 1279 806 1314 naturalis.
832 1298 878 1304 —-
917 1279 998 1312 Alia
1026 1279 1266 1323 superaddere
1294 1279 1411 1324 impe-

278 1337 437 1374 dimenta
465 1340 739 1374 matrimonium
767 1338 982 1381 dirimentia,
1011 1339 1044 1371 in
1074 1338 1252 1383 praesenti
1293 1339 1412 1382 provi-

275 1397 422 1432 dentiali
446 1399 572 1433 ordine
593 1399 748 1445 pertinet
767 1398 809 1432 ad
828 1406 1046 1443 potestatem
1067 1397 1411 1431 ecclesiasticam.—

275 1458 376 1499 Quid
402 1461 469 1493 hac
497 1460 532 1494 in
559 1470 597 1493 re
623 1458 911 1504 possitprinceps
931 1457 1042 1491 civilis
1063 1457 1173 1491 relate
1193 1457 1235 1491 ad
1252 1457 1411 1492 subditos

276 1516 515 1552 Christianos:
531 1537 574 1542 —
592 1518 675 1563 quid
703 1516 813 1551 relate
834 1516 875 1550 ad
897 1517 1057 1550 subditos
1077 1527 1149 1549 non
1173 1516 1410 1552 Christianos,

275 1596 318 1601 ——
346 1577 400 1611 De
429 1578 546 1612 causis
573 1576 896 1612 matrimonialibus
930 1600 1411 1610 .........
1443 1575 1507 1609 106

332 1658 368 1704 §-
400 1661 459 1696 ΙΙ.
486 1661 543 1696 De
570 1660 722 1696 unione
749 1659 959 1705 parentali
986 1668 1055 1694 seu
1082 1659 1270 1702 paterna.

84 1743 272 1788 'rhesis
309 1730 512 1786 XLVIII.
550 1771 602 1775 —
638 1745 700 1787 De
744 1742 1000 1785 naturalilms
1046 1750 1261 1799 parentum
1310 1757 1407 1798 erga

247 1812 534 1872 filiosofficiis
599 1849 607 1857 .
674 1850 682 1857 .
749 1849 756 1857 .
824 1850 831 1858 .
898 1848 905 1856 .
972 1848 980 1856 .
1047 1848 1054 1856 .
1120 1848 1130 1858 .
1196 1846 1206 1855 .
1271 1847 1279 1855 .
1345 1846 1354 1857 .
1425 1828 1499 1870 113

137 1920 212 1955 135.
238 1909 569 1946 PraenotioneS.
599 1930 640 1935 —
668 1911 842 1945 Definitio
870 1911 1011 1944 unionis
1038 1909 1229 1955 parentalis
1257 1922 1319 1944 seu
1347 1923 1410 1956 pa-

274 1978 411 2004 ternae.
438 1988 480 1995 —
512 1969 614 2003 Ordo
642 1970 864 2004 tractationis
917 1997 923 2004 .
977 1997 984 2005 .
1038 1998 1045 2014 ‚
1097 1996 1408 2006 ......
1459 1972 1492 2005 ib

137 2027 212 2073 136.
238 2028 581 2064 Demonstratio.
609 2048 655 2054 -
686 2041 710 2065 1.
733 2029 904 2064 Officium
926 2039 1114 2073 parentum
1135 2039 1199 2073 est,
1214 2042 1411 2075 congruam

274 2097 462 2134 susceptae
492 2101 533 2123 ex
561 2089 731 2134 coniugio
758 2089 847 2134 proli
878 2090 1128 2123 educationem
1157 2089 1403 2134 praebendi:—

277 2159 308 2182 2.
327 2148 503 2183 Educatio
519 2161 591 2183 non
607 2149 717 2182 modo
735 2149 881 2195 physica
904 2161 983 2183 esse
1000 2149 1116 2189 debet,
1137 2149 1198 2182 sed
1220 2150 1410 2194 praecipue

274 2207 528 2244 intellectualis
558 2217 591 2242 et
618 2209 775 2243 moralis.
808 2230 846 2234 —
867 2221 894 2254 3.
924 2210 985 2244 Est
1013 2219 1132 2244 autem
1161 2210 1355 2243 commissa
1373 2210 1408 2242 in

274 2267 429 2301 solidum
457 2268 663 2313 parentibus
683 2295 690 2302 .
742 2295 748 2301 .
801 2294 1409 2309 ...........
1441 2280 1501 2312 ῐῐ4

83 2351 271 2396 ΤῙΙΘΒΪΒ
304 2351 463 2394 XLIX.
500 2378 552 2383 ——
588 2353 650 2394 De
684 2351 844 2394 <im-ibus
872 2360 1089 2408 pczrentmn
1125 2353 1165 2394 in
1195 2351 1299 2408 filios
1344 2386 1354 2394 .
1419 2365 1502 2407 219

135 2444 213 2480 137.
241 2435 581 2471 Demonstratio.
610 2456 651 2461 —
673 2447 702 2470 ῐ.
733 2437 786 2469 De
806 2437 879 2470 iure
897 2445 1081 2480 parentum
1099 2436 1140 2470 ad
1157 2437 1406 2479 reverentiam,

85 2515 127 2549 30
