1705 2787
771 112 1033 156 —118-

196 229 261 261 est
296 230 343 262 ut
377 218 468 261 sola
505 218 671 260 nutriat
705 217 891 275 foetum,
926 220 1026 277 quia
1063 219 1282 264 rectitudo
1319 220 1531 264 naturalis
1575 221 1620 265 in

204 289 412 332 humanis
450 287 618 331 actibus
654 304 742 331 non
778 302 842 332 est
877 289 1123 333 secundum
1159 307 1221 346 ea,
1257 307 1367 349 quae
1402 308 1478 349 per
1513 293 1625 336 acci-

199 360 306 404 dens
343 361 618 416 contingunt
673 360 716 402 in
752 376 843 402 uno
879 360 1122 418 individuo,
1157 361 1231 405 sed
1276 363 1523 406 secundum
1560 379 1623 420 ea,

196 447 306 489 quae
343 443 485 473 totam
525 431 719 486 speciem
753 444 1091 488 consequuntur
1126 431 1212 490 (2).
1243 450 1261 472 »
1290 432 1429 485 Quod
1464 433 1624 477 clarius

194 514 388 559 apparet,
427 503 462 544 si
497 500 703 543 educatio
759 502 939 544 moralis
993 502 1313 546 consideretur.
1354 522 1373 544 α
1410 503 1477 547 Ad
1514 504 1625 548 hanc

196 575 555 629 instructionem,
590 573 736 629 pergit
772 572 886 615 idem
923 590 954 616 s.
991 575 1174 629 Doctor,
1227 575 1412 631 longum
1448 587 1624 633 tempus

198 646 462 703 requiritur:
500 656 541 686 et
576 655 680 686 tunc
716 645 848 686 etiam
903 657 1083 702 propter
1118 646 1310 702 impetus
1345 647 1620 703 passionum,

199 715 364 774 quibus
399 716 704 772 corrumpitur
728 717 979 758 aestimatio
1003 716 1279 773 prudentiae,
1315 716 1623 774 indigentnon

199 788 345 830 solum
381 787 677 829 instructione
712 785 787 829 sed
824 788 956 829 etiam
994 789 1290 845 repressione.
1328 787 1395 831 Ad
1431 788 1513 831 hoc
1548 803 1623 832 au-

200 872 290 902 tem
325 858 484 901 mulier
518 858 611 900 sola
646 874 736 900 non
772 857 947 913 sufficit,
982 858 1057 902 sed
1092 861 1230 916 magis
1280 861 1324 902 in
1361 859 1443 902 hoc
1478 861 1623 918 requi-

202 931 312 973 ritur
348 945 460 986 opus
481 930 629 984 maris,
664 930 707 971 in
743 945 831 986 quo
866 942 930 972 est
955 943 995 972 et
1032 931 1142 972 ratio
1176 929 1411 987 perfectior
1467 930 1517 974 ad
1553 932 1618 974 in—

201 1000 467 1044 struendum
503 1012 544 1042 et
579 1001 717 1042 virtus
743 1002 969 1057 potentior
1004 1000 1054 1043 ad
1090 1000 1439 1057 castigandum.»

289 1074 445 1125 Quum
481 1083 684 1129 parentes
719 1072 801 1128 ipsi
836 1087 954 1114 nunc
990 1072 1119 1114 celeri
1155 1086 1300 1115 morte
1334 1071 1623 1129 abripiantur,

204 1160 322 1186 nunc
358 1143 470 1186 duro
506 1143 654 1186 labore
689 1155 730 1185 et
766 1155 959 1199 egestate
994 1142 1291 1199 detineantur,
1326 1159 1443 1186 nunc
1469 1145 1624 1201 peritia

202 1230 380 1272 quoque
415 1227 457 1256 et
490 1213 709 1269 facultate,
745 1225 819 1255 aut
840 1214 971 1255 etiam
993 1213 1222 1256 voluntate
1248 1229 1293 1255 ac
1314 1213 1532 1270 probitate
1552 1213 1623 1257 de-

201 1288 446 1329 stituantur
472 1284 523 1328 ad
549 1284 663 1327 filios
690 1286 770 1327 rite
796 1284 1063 1338 educandos;
1088 1285 1190 1327 hinc
1217 1297 1403 1342 possunt
1423 1298 1624 1342 parentes

202 1356 253 1400 ad
288 1357 371 1399 hoc
406 1355 679 1399 educationis
715 1371 880 1398 munus
905 1356 1013 1398 alios
1051 1355 1133 1398 sibi
1169 1355 1623 1412 tanquamadiutores

203 1427 458 1483 adsciscere,
493 1426 544 1470 de
581 1442 779 1484 quorum
814 1426 899 1469 side
933 1442 978 1468 ac
1016 1425 1236 1483 probitate
1271 1427 1359 1468 sint
1393 1427 1550 1469 securi.

295 1500 502 1542 Diximus
538 1498 589 1541 de
624 1497 770 1540 officio
796 1497 1010 1541 educandi
1034 1498 1222 1555 prolem.
1250 1525 1301 1529 —
1327 1499 1473 1541 Huius
1494 1497 1627 1540 officii

207 1572 335 1628 origo
355 1586 430 1613 seu
449 1571 703 1628 principium
723 1582 787 1612 est
811 1571 903 1626 ipsa
922 1570 989 1612 lex
1008 1569 1234 1612 naturalis.
1256 1570 1386 1625 Ratio,
1413 1568 1468 1612 ob
1492 1585 1625 1627 quarn

203 1643 272 1686 lex
305 1643 389 1685 tale
423 1641 679 1700 parentibus
725 1641 922 1684 officium
957 1642 1164 1698 imponit,
1199 1654 1264 1684 est
1298 1640 1461 1684 factum
1495 1657 1625 1698 gene-

205 1714 404 1756 rationis.
438 1714 582 1755 Huius
619 1712 751 1755 officii
784 1713 981 1755 terminus
1002 1724 1106 1754 sunt
1131 1711 1222 1754 filii.
1247 1710 1294 1754 Id
1319 1724 1482 1767 autem,
1506 1710 1626 1769 quod

205 1786 317 1828 circa
342 1783 456 1826 filios
477 1785 688 1841 praestari
708 1783 849 1838 debet,
875 1799 950 1825 seu
972 1784 1141 1825 materia
1165 1782 1296 1825 officii
1316 1795 1381 1825 est
1399 1784 1624 1839 promotio

205 1856 255 1900 ad
291 1855 536 1914 perfectum
571 1868 736 1898 statum
776 1855 972 1897 hominis
1006 1856 1273 1912 inquantum
1308 1854 1445 1896 homo
1480 1866 1558 1896 est.
1592 1855 1626 1896 Ii

204 1944 324 1984 vero,
349 1927 509 1986 quibus
531 1927 728 1970 officium
749 1928 1012 1984 imponitur,
1038 1942 1112 1968 seu
1135 1925 1266 1968 officii
1285 1925 1502 1968 subiectum
1521 1938 1625 1968 sunt

206 2011 422 2056 parentes.
447 1999 539 2042 Nec
559 2010 731 2055 poterat
750 2010 839 2040 tam
859 2012 989 2053 grave
1009 1995 1205 2038 officium
1226 1995 1303 2038 uili
1322 1995 1392 2037 alii
1411 2010 1624 2051 personae

203 2069 362 2111 melius
387 2070 610 2111 committi
637 2084 774 2126 quam
794 2066 1066 2125 parentibus,
1092 2067 1167 2124 qui
1191 2078 1314 2108 tanto
1340 2065 1454 2108 filios
1474 2081 1625 2108 amore

204 2151 554 2197 prosequuntur,
583 2137 837 2196 quibusque
863 2137 998 2180 simul
1022 2153 1072 2180 ex
1096 2136 1244 2180 debito
1270 2135 1625 2178 cohabitantibus

203 2209 326 2252 facile
361 2222 423 2252 est
459 2209 574 2252 filios
609 2221 706 2267 apte
741 2208 928 2252 educare
965 2221 1169 2266 recteque
1213 2208 1446 2250 instruere.

275 2440 320 2480 (1)
348 2439 530 2473 Notentur
558 2448 725 2473 accurate
754 2439 842 2473 haec
871 2438 987 2481 verba,
1023 2438 1147 2483 quibus
1176 2437 1309 2472 similes
1337 2436 1456 2471 multis
1485 2436 1560 2471 aliis
1588 2437 1624 2471 in

206 2497 476 2544 quaestionibus
505 2498 726 2533 obiectiones
755 2498 951 2533 solvuntur.
