1705 2787
680 104 941 151 *1714*

97 202 179 246 scit
211 199 298 261 (1).
332 200 559 257 Similiter,
594 216 669 258 per
704 200 924 244 subiectum
959 201 1182 244 societatis
1227 198 1414 244 alicuius
1448 198 1514 243 in-

97 273 339 330 telligimus
362 287 588 330 personaS,
608 288 719 330 quae
743 273 996 315 auctoritati
1020 272 1139 315 illius
1164 272 1387 314 societatis
1413 287 1514 329 pro-

97 345 216 401 priae
248 341 563 398 subiiciuntur,
598 357 674 385 seu
710 343 823 386 circa
859 358 966 401 quas
1001 344 1115 386 actio
1150 342 1268 386 illius
1302 354 1516 386 versatur.

100 440 153 446 —
188 411 341 462 Potest
375 425 525 456 autem
575 412 737 470 duplex
780 413 995 470 distingui
1044 415 1242 470 materia,
1289 421 1443 457 remota
1475 426 1516 456 et

94 486 307 545 proxima:
342 486 541 543 itemque
565 483 726 541 duplex
761 484 976 541 distingui
1011 484 1279 542 subiectum,
1298 484 1518 528 mediatum

99 570 139 600 et
176 550 469 603 immediatmn.

194 625 330 671 Hisce
364 626 664 685 praestitutiS,'
688 640 741 668 en
762 628 910 683 paucis
936 640 1087 669 nostra
1111 627 1331 670 sententia
1355 626 1407 670 de
1426 641 1517 669 rna-

97 697 204 740 teria
237 709 369 755 atque
402 695 603 740 subiecto
637 696 860 738 societatis
895 696 1048 740 civilis.
1084 724 1136 728 -—
1191 697 1296 740 Eius
1333 698 1517 740 materia

97 768 298 826 proxima
330 779 436 813 sunt
460 766 665 823 familiae,
685 778 859 809 remota
883 782 988 810 vero
1013 780 1117 810 sunt
1137 766 1378 824 individua,
1403 783 1514 826 quae

95 851 376 897 componunt
408 837 621 881 familiam
640 853 716 880 seu
738 853 849 896 quae
869 839 1071 895 proxima
1091 851 1195 882 sunt
1215 837 1407 883 familiae
1426 854 1518 882 ma-

96 911 218 954 teria.
253 909 483 966 Similiter,
516 908 769 953 subiectum
794 909 1105 953 immediatum
1131 911 1355 954 societatis
1379 910 1518 954 civilis

96 993 201 1025 sunt
234 979 439 1037 familiae,
473 979 718 1035 mediatum
753 995 858 1023 vero
882 993 986 1024 sunt
1013 980 1254 1038 individua,
1288 997 1399 1039 quae
1418 997 1518 1024 auc-

97 1053 265 1096 toritati
288 1051 615 1110 patrisfamilias
655 1050 819 1094 directe
843 1051 1142 1095 subiiciuntur
1168 1068 1243 1096 seu
1271 1055 1383 1096 circa
1407 1068 1517 1111 quae

97 1123 210 1165 actio
245 1120 570 1181 patrisfamilias
605 1120 768 1164 directe
802 1134 1016 1164 versatur.
1053 1122 1220 1165 Civitas
1270 1124 1406 1180 igitur
1452 1135 1517 1166 est

95 1194 285 1237 societas
315 1193 579 1250 eomposita:
615 1205 680 1235 est
714 1193 950 1235 associatio
986 1192 1271 1237 familiarum.
1308 1221 1359 1226 —
1398 1195 1517 1237 Haec

95 1266 329 1321 sententia,
363 1266 513 1308 statim
549 1280 595 1308 ac
633 1263 872 1322 profertur,
923 1279 1101 1322 apparet
1155 1266 1428 1310 rationabilis
1473 1282 1519 1309 ac

96 1353 210 1382 vcra:
246 1350 288 1381 et
322 1336 374 1381 ad
408 1353 504 1380 eam
538 1336 933 1381 demonstrandam
958 1337 1186 1381 sufficiunt
1211 1339 1296 1395 illa,
1331 1354 1442 1397 quae
1466 1338 1518 1382 de

93 1410 232 1467 genesi
266 1423 342 1452 seu
377 1409 534 1466 origine
568 1409 790 1451 societatis
827 1408 966 1451 civilis
1002 1409 1088 1451 iam
1123 1408 1316 1452 diximus
1351 1409 1438 1469 (2).

183 1481 296 1526 Sunt
331 1493 480 1524 tamen
500 1480 647 1537 multi,
683 1481 849 1523 nostris
873 1482 1132 1537 praesertim
1168 1480 1338 1538 diebus,
1373 1483 1449 1540 qui
1473 1483 1517 1524 in

94 1553 222 1597 aliam
257 1551 421 1596 abeunt
455 1554 738 1596 sententiam.
775 1578 827 1583 -—
864 1552 1159 1596 Contendunt
1209 1555 1333 1596 enim
1369 1555 1518 1597 civita-

95 1639 185 1670 tem
220 1640 314 1668 csse
347 1626 689 1668 associationem
724 1624 1059 1668 individuorum
1095 1641 1140 1668 ac
1167 1625 1354 1683 proinde
1378 1627 1517 1669 socie-

94 1709 232 1740 tatem
264 1697 529 1755 simplicem.
566 1715 586 1737 «
622 1697 869 1740 Iniustitias
906 1698 1084 1753 multas,
1120 1699 1177 1740 ait
1214 1698 1375 1741 Caesar
1411 1700 1515 1742 Bec-

94 1770 208 1812 caria
241 1768 330 1828 (3),
363 1783 524 1827 easque
559 1769 768 1825 exitiales,
820 1768 1123 1826 approbarunt
1168 1771 1249 1813 viri
1284 1771 1416 1814 etiam
1451 1786 1517 1813 sa-

95 1842 378 1899 pientissimi,
418 1840 690 1900 respublicae
724 1843 857 1885 etiam
894 1842 1251 1898 florentissimae,
1309 1858 1360 1885 eo
1396 1844 1515 1900 quod

93 1915 476 1970 existimaverunt,
511 1915 734 1957 civitatem
770 1930 864 1956 esse
899 1916 1046 1971 potius
1083 1915 1297 1957 unionem
1333 1914 1516 1958 familia-

94 2001 210 2042 rum,
229 2001 363 2044 quam
383 1988 598 2030 unionem
623 1987 905 2029 hominum.»
940 2013 990 2017 ——
1011 1987 1066 2029 Ut
1088 1999 1220 2044 patet,
1245 2002 1417 2044 eorum,
1441 1990 1514 2046 qui

93 2197 181 2241 relli,
207 2199 333 2245 Saggio
362 2210 433 2234 ecc.
462 2210 558 2234 num.
592 2210 667 2245 339.
697 2199 788 2233 Vide
819 2199 928 2234 ctiam
957 2211 1009 2239 ea,
1037 2209 1128 2244 quac
1156 2199 1328 2243 superius,
1355 2209 1433 2243 pag.
1466 2208 1516 2244 33.

93 2258 213 2292 adnot.
243 2268 285 2300 2.,
314 2258 466 2293 diximus
495 2271 537 2294 ex
565 2258 794 2293 Bellarmino.

162 2321 209 2357 (ι)
238 2315 295 2351 Cf.
321 2328 438 2362 super.
466 2329 546 2363 pag.
577 2328 629 2353 11.

162 2380 212 2419 (2)
239 2375 296 2411 Cf.
322 2388 440 2422 super.
467 2377 558 2412 thes.
588 2377 661 2412 XL.
689 2387 723 2412 et
750 2377 823 2411 LV.

162 2437 211 2481 (3)
239 2436 306 2470 Dei
332 2436 445 2470 delitti
472 2450 486 2470 e
515 2437 600 2471 delle
625 2444 709 2484 pene
739 2436 768 2481 ζ.
796 2436 939 2479 XXVI„
967 2437 1022 2472 cui
1050 2436 1172 2471 titulus
1212 2436 1299 2471 dello
1331 2439 1453 2485 spirito
1481 2437 1517 2474 di

86 2494 264 2544 samigliaz.
