1705 2787
681 85 732 94 ⁴⁵2.
770 66 850 119 26)-
889 86 939 94 .....

101 184 194 211 esse
229 168 362 212 nimis
398 167 805 227 indeterminatam,
842 185 921 212 nec
957 169 1222 212 descendere
1255 168 1307 212 ad
1331 168 1522 226 particu-

100 239 205 282 laria
239 238 308 296 (in
342 239 393 281 iis
429 254 464 281 e.
499 255 541 296 g.
578 255 688 297 quae
723 239 775 282 ad
806 240 1075 282 commercia
1110 251 1151 282 et
1185 251 1439 282 contractus
1465 240 1523 281 ci-

99 310 208 352 viles
242 310 510 368 pertinent).
545 311 661 353 Hinc
697 310 762 366 fit,
798 322 846 353 ut
877 312 1089 368 principis
1139 311 1276 354 civilis
1326 323 1520 368 potestas

100 379 151 423 ad
177 380 282 422 haec
307 379 397 423 duo
423 396 468 422 se
493 380 723 424 extendat:
755 380 809 424 1.⁰
831 380 882 424 ad
907 381 1129 424 naturales
1154 382 1522 438 praescriptiones

99 452 240 507 magis
275 450 557 494 declarandas
599 466 842 509 earumque
891 452 1220 495 observantiam
1271 453 1413 509 magis
1450 467 1520 495 ur-

99 522 312 579 gendam:
350 523 406 566 2⁰.
427 521 478 565 ad
498 521 674 565 easdem
710 524 890 579 insuper
926 524 1066 580 magis
1101 524 1146 566 in
1180 522 1409 567 individuo
1443 539 1520 580 per

99 594 308 652 speciales
342 594 460 651 leges
509 607 550 636 et
585 609 675 651 pro
700 595 908 636 varietate
947 593 1262 637 adiunctorum
1311 594 1519 637 determi-

99 665 278 709 nandas.
299 665 485 708 —Illud
509 666 675 708 scilicet
700 665 815 708 idem
842 668 886 708 in
911 667 1119 708 societate
1144 667 1257 709 civili
1283 667 1518 723 contingit,

98 736 218 795 quod
252 737 402 780 locum
428 736 557 780 habet
583 738 627 779 in
653 739 977 780 communitate
1003 738 1307 781 ecclesiastica.
1333 737 1399 782 Ad
1426 754 1517 780 rem

97 809 507 868 Suarez(1).·«Deus
541 808 613 867 (ut
648 811 970 868 supponimus)
1004 811 1241 868 specialem
1275 826 1517 867 congrega-

98 883 268 924 tionem
304 881 520 938 fidelium,
555 897 667 939 quae
703 895 816 924 esset
853 898 994 925 unum
1031 898 1206 940 corpus,
1242 882 1361 940 quod
1397 898 1514 925 nunc

97 953 337 995 Ecclesiam
372 967 599 1008 vocamuS‚
634 953 851 996 instituit:
888 966 928 995 et
965 969 1037 1009 per
1074 954 1217 1010 legem
1253 969 1273 995 a
1310 969 1353 995 se
1378 953 1513 996 latam

97 1039 187 1066 non
221 1022 440 1081 disposuit
473 1025 516 1067 in
553 1024 806 1081 particulari
840 1023 891 1066 de
927 1024 1154 1081 omnibus,
1189 1040 1301 1082 quae
1337 1024 1388 1067 ad
1423 1026 1508 1081 spi-

97 1096 253 1139 rituale
288 1097 488 1153 regimen
537 1097 755 1139 Ecclesiae
805 1098 1116 1139 convenientia
1167 1113 1260 1138 esse
1296 1109 1515 1153 poterant,

97 1166 172 1211 sed
206 1167 356 1210 solum
391 1166 607 1225 quaedam
633 1167 939 1210 substantialia
964 1167 1252 1210 fundamenta
1277 1168 1408 1211 huius
1434 1169 1517 1225 spi-

97 1240 267 1283 ritualis
296 1239 563 1297 reipublicae
597 1241 814 1283 instituit:
851 1241 1017 1298 reliqua
1052 1256 1156 1283 vero
1182 1256 1257 1297 per
1292 1256 1396 1283 suos
1434 1242 1516 1283 mi-

97 1312 262 1354 nistros
296 1323 339 1354 et
374 1311 593 1354 Ecclesiae
627 1324 825 1368 pastores
871 1311 1146 1368 disponenda
1181 1313 1384 1369 reliquit:
1421 1324 1518 1355 tum

99 1396 146 1426 ut
180 1384 374 1427 suaviter
409 1396 450 1426 et
486 1382 621 1426 modo
667 1382 927 1425 hominibus
978 1382 1317 1425 accommodato
1368 1385 1518 1426 omnia

97 1454 424 1510 ordinarentur7
460 1468 556 1498 tum
591 1456 692 1512 quia
729 1470 818 1497 non
855 1467 1059 1511 poterant
1084 1456 1234 1496 omnia
1260 1456 1302 1497 in
1325 1456 1516 1512 particu-

95 1527 172 1570 lari
206 1529 263 1570 ita
299 1527 598 1583 determinari,
636 1541 681 1570 ut
717 1541 863 1569 essent
899 1527 1211 1570 immutabilia.
1251 1528 1367 1569 Haec
1405 1542 1512 1584 ergo

166 1807 217 1853 (1)
247 1809 300 1842 De
328 1808 396 1854 leg.
426 1809 446 1843 1.
478 1821 506 1844 1.
533 1821 561 1844 c.
594 1820 622 1852 3.
651 1821 683 1843 n.
717 1819 769 1844 20.
792 1829 833 1834 —
856 1810 975 1851 Quam
1003 1810 1072 1843 sint
1101 1809 1325 1844 necessariae
1355 1808 1452 1855 leges
1472 1807 1519 1843 ci-

95 1868 196 1910 viles,
223 1869 314 1902 bene
354 1870 510 1903 ostendit
552 1870 799 1909 Bellarminus,
833 1870 876 1903 de
907 1870 997 1903 Laic.
1028 1869 1047 1903 l.
1077 1870 1134 1903 ΙΙΙ.
1164 1881 1193 1903 c.
1225 1881 1288 1904 11.:
1319 1882 1334 1899 a
1361 1869 1518 1903 Plurima

96 1937 176 1962 sunt
204 1930 408 1963 necessaria
435 1929 491 1962 vel
520 1931 624 1963 noxia
645 1930 741 1963 bono
762 1931 955 1971 communi,
978 1942 1068 1974 quae
1089 1939 1210 1963 tanien
1231 1942 1304 1964 non
1325 1939 1405 1964 sunt
1424 1931 1517 1964 bona

95 1987 153 2022 vel
179 1988 273 2023 mala
301 1988 359 2022 ulli
389 1989 425 2023 in
444 1989 656 2034 particulari,
685 1990 749 2023 nisi
773 1988 851 2034 lege
881 1990 1142 2034 praecipiantur
1170 1990 1224 2023 vel
1253 1990 1519 2034 prohibeantur.

95 2049 203 2082 Verbi
243 2050 368 2094 gratia,
396 2050 566 2084 tributum
594 2050 838 2083 necessarium
868 2059 921 2083 est
949 2050 1034 2093 regi,
1064 2059 1183 2083 tamen
1205 2050 1231 2083 si
1253 2049 1307 2083 lex
1327 2062 1397 2083 non
1419 2050 1518 2090 adsit,

95 2120 166 2143 non
197 2119 250 2144 est
276 2110 520 2144 necessarium
538 2119 574 2143 ut
595 2121 663 2155 ego
683 2109 834 2147 solvam,
857 2121 939 2143 nani
960 2121 978 2153 p
988 2121 1083 2143 irum
1104 2110 1249 2154 prodest
1269 2121 1389 2143 meum
1411 2109 1521 2144 solius

94 2168 263 2202 tributum
283 2169 383 2214 Regi,
407 2180 522 2213 neque
544 2169 585 2202 ad
604 2180 661 2202 me
680 2169 832 2213 pertinet
850 2169 981 2210 videre,
998 2169 1125 2213 quibus
1143 2169 1246 2203 rebus
1265 2169 1425 2214 indigeat
1454 2180 1524 2202 res-

93 2227 242 2273 publica,
271 2237 305 2262 et
332 2229 381 2261 sic
403 2237 549 2273 possent
571 2239 698 2261 omnes
720 2228 849 2261 dicere.
872 2227 1044 2261 Similiter
1064 2229 1211 2262 noxium
1233 2237 1288 2262 est
1308 2228 1522 2272 reipublicae

96 2288 273 2331 exportari
302 2299 427 2321 aurum
455 2298 496 2320 ex
524 2287 719 2331 provincia,
750 2295 785 2320 at
812 2298 884 2319 non
913 2295 965 2320 est
985 2288 1132 2320 noxium
1172 2287 1395 2329 notabiliter,
1427 2286 1522 2332 quod

95 2357 164 2391 ego
191 2347 289 2381 solus
317 2356 504 2392 exportem
531 2358 653 2381 meum
682 2358 816 2389 aurum,
845 2355 879 2381 et
907 2348 955 2381 sic
984 2359 1110 2381 onmes
1131 2348 1247 2382 dicere
1269 2356 1428 2393 possent.
1449 2348 1519 2381 Lex

97 2418 182 2453 ergo
210 2409 414 2443 necessaria
455 2417 518 2451 est,
552 2419 643 2453 quae
671 2410 886 2453 generaliter
924 2410 1146 2455 praecipiens
1175 2419 1208 2444 et
1236 2409 1429 2454 prohibens
1456 2420 1517 2455 pu-

96 2471 207 2506 blicae
235 2472 375 2507 utilitati
403 2474 607 2517 prospiciat.
638 2488 649 2503 ν»
