<?xml version="1.0" encoding="UTF-8"?>
<!DOCTYPE html PUBLIC "-//W3C//DTD XHTML 1.0 Transitional//EN"
    "http://www.w3.org/TR/xhtml1/DTD/xhtml1-transitional.dtd">
<html xmlns="http://www.w3.org/1999/xhtml" xml:lang="en" lang="en">
 <head>
  <title>
</title>
<meta http-equiv="Content-Type" content="text/html;charset=utf-8" />
  <meta name='ocr-system' content='tesseract 3.04.00' />
  <meta name='ocr-capabilities' content='ocr_page ocr_carea ocr_par ocr_line ocrx_word'/>
</head>
<body>
  <div class='ocr_page' id='page_1' title='image "./institutionesphi03ferr_0466.png"; bbox 0 0 1705 2787; ppageno 0'>
   <div class='ocr_carea' id='block_1_1' title="bbox 816 51 1073 105">
    <p class='ocr_par' dir='ltr' id='par_1_1' title="bbox 816 51 1073 105">
     <span class='ocr_line' id='line_1_1' title="bbox 816 51 1073 105; baseline 0.004 -25"><span class='ocrx_word' id='word_1_1' title='bbox 816 51 1073 105; x_wconf 65' lang='lat'><strong>..462-</strong></span> 
     </span>
    </p>
   </div>
   <div class='ocr_carea' id='block_1_2' title="bbox 641 356 1259 402">
    <p class='ocr_par' dir='ltr' id='par_1_2' title="bbox 641 356 1259 402">
     <span class='ocr_line' id='line_1_2' title="bbox 641 356 1259 402; baseline 0.003 -4"><span class='ocrx_word' id='word_1_2' title='bbox 641 356 994 400; x_wconf 73' lang='lat' dir='ltr'>CONCLUSIO</span> <span class='ocrx_word' id='word_1_3' title='bbox 1048 358 1259 402; x_wconf 65' lang='lat' dir='ltr'>OPERIS</span> 
     </span>
    </p>
   </div>
   <div class='ocr_carea' id='block_1_3' title="bbox 244 789 1702 2481">
    <p class='ocr_par' dir='ltr' id='par_1_3' title="bbox 246 789 1654 917">
     <span class='ocr_line' id='line_1_3' title="bbox 334 789 1654 848; baseline 0.002 -17"><span class='ocrx_word' id='word_1_4' title='bbox 334 789 399 832; x_wconf 73' lang='lat' dir='ltr'>Ad</span> <span class='ocrx_word' id='word_1_5' title='bbox 436 805 612 832; x_wconf 91' lang='lat' dir='ltr'>morum</span> <span class='ocrx_word' id='word_1_6' title='bbox 649 791 880 833; x_wconf 83' lang='lat' dir='ltr'>scientiam</span> <span class='ocrx_word' id='word_1_7' title='bbox 915 790 1033 848; x_wconf 88' lang='lat' dir='ltr'>quod</span> <span class='ocrx_word' id='word_1_8' title='bbox 1068 792 1240 847; x_wconf 67' lang='lat' dir='ltr'>attinet7</span> <span class='ocrx_word' id='word_1_9' title='bbox 1275 803 1362 833; x_wconf 84' lang='lat' dir='ltr'>tres</span> <span class='ocrx_word' id='word_1_10' title='bbox 1396 803 1500 834; x_wconf 86' lang='lat' dir='ltr'>sunt</span> <span class='ocrx_word' id='word_1_11' title='bbox 1533 806 1654 848; x_wconf 82' lang='lat' dir='ltr'>prae-</span> 
     </span>
     <span class='ocr_line' id='line_1_4' title="bbox 246 860 1152 917; baseline 0.001 -15"><span class='ocrx_word' id='word_1_12' title='bbox 246 862 361 917; x_wconf 87' lang='lat' dir='ltr'>cipui</span> <span class='ocrx_word' id='word_1_13' title='bbox 397 860 530 903; x_wconf 83' lang='lat' dir='ltr'>huius</span> <span class='ocrx_word' id='word_1_14' title='bbox 566 874 743 903; x_wconf 85' lang='lat' dir='ltr'>nostrae</span> <span class='ocrx_word' id='word_1_15' title='bbox 777 863 930 904; x_wconf 87' lang='lat' dir='ltr'>aetatis</span> <span class='ocrx_word' id='word_1_16' title='bbox 966 877 1152 905; x_wconf 84' lang='lat' dir='ltr'>errores,</span> 
     </span>
    </p>

    <p class='ocr_par' dir='ltr' id='par_1_4' title="bbox 244 933 1658 1277">
     <span class='ocr_line' id='line_1_5' title="bbox 334 933 1654 990; baseline 0.002 -16"><span class='ocrx_word' id='word_1_17' title='bbox 334 933 511 974; x_wconf 78' lang='lat' dir='ltr'>Primus</span> <span class='ocrx_word' id='word_1_18' title='bbox 546 948 669 975; x_wconf 76' lang='lat' dir='ltr'>error</span> <span class='ocrx_word' id='word_1_19' title='bbox 704 946 783 985; x_wconf 69' lang='lat' dir='ltr'>est,</span> <span class='ocrx_word' id='word_1_20' title='bbox 820 949 978 989; x_wconf 75' lang='lat' dir='ltr'>negare</span> <span class='ocrx_word' id='word_1_21' title='bbox 1022 949 1205 976; x_wconf 89' lang='lat' dir='ltr'>omnem</span> <span class='ocrx_word' id='word_1_22' title='bbox 1239 935 1321 976; x_wconf 87' lang='lat' dir='ltr'>Dei</span> <span class='ocrx_word' id='word_1_23' title='bbox 1366 934 1523 990; x_wconf 82' lang='lat' dir='ltr'>legem,</span> <span class='ocrx_word' id='word_1_24' title='bbox 1578 950 1654 976; x_wconf 84' lang='lat' dir='ltr'>seu</span> 
     </span>
     <span class='ocr_line' id='line_1_6' title="bbox 244 1004 1655 1063; baseline 0.001 -17"><span class='ocrx_word' id='word_1_25' title='bbox 244 1004 470 1047; x_wconf 72' lang='lat' dir='ltr'>adstruere</span> <span class='ocrx_word' id='word_1_26' title='bbox 504 1004 753 1047; x_wconf 87' lang='lat' dir='ltr'>absolutam</span> <span class='ocrx_word' id='word_1_27' title='bbox 789 1005 985 1048; x_wconf 88' lang='lat' dir='ltr'>hominis</span> <span class='ocrx_word' id='word_1_28' title='bbox 1011 1005 1063 1048; x_wconf 91' lang='lat' dir='ltr'>ab</span> <span class='ocrx_word' id='word_1_29' title='bbox 1088 1008 1212 1048; x_wconf 90' lang='lat' dir='ltr'>omni</span> <span class='ocrx_word' id='word_1_30' title='bbox 1238 1005 1383 1048; x_wconf 82' lang='lat' dir='ltr'>divina</span> <span class='ocrx_word' id='word_1_31' title='bbox 1419 1006 1512 1063; x_wconf 74' lang='lat' dir='ltr'>lege</span> <span class='ocrx_word' id='word_1_32' title='bbox 1532 1005 1655 1049; x_wconf 86' lang='lat' dir='ltr'>inde-</span> 
     </span>
     <span class='ocr_line' id='line_1_7' title="bbox 245 1076 1658 1133; baseline 0.002 -16"><span class='ocrx_word' id='word_1_33' title='bbox 245 1076 544 1133; x_wconf 83' lang='lat' dir='ltr'>pendentiam.</span> <span class='ocrx_word' id='word_1_34' title='bbox 580 1078 661 1119; x_wconf 90' lang='lat' dir='ltr'>Hic</span> <span class='ocrx_word' id='word_1_35' title='bbox 696 1093 798 1119; x_wconf 78' lang='lat' dir='ltr'>sane</span> <span class='ocrx_word' id='word_1_36' title='bbox 834 1090 898 1120; x_wconf 88' lang='lat' dir='ltr'>est</span> <span class='ocrx_word' id='word_1_37' title='bbox 933 1093 1054 1120; x_wconf 84' lang='lat' dir='ltr'>error</span> <span class='ocrx_word' id='word_1_38' title='bbox 1089 1077 1350 1120; x_wconf 86' lang='lat' dir='ltr'>manifestus</span> <span class='ocrx_word' id='word_1_39' title='bbox 1385 1090 1426 1120; x_wconf 87' lang='lat' dir='ltr'>et</span> <span class='ocrx_word' id='word_1_40' title='bbox 1451 1078 1658 1121; x_wconf 89' lang='lat' dir='ltr'>omnium</span> 
     </span>
     <span class='ocr_line' id='line_1_8' title="bbox 247 1147 1656 1204; baseline 0.003 -18"><span class='ocrx_word' id='word_1_41' title='bbox 247 1148 479 1204; x_wconf 84' lang='lat' dir='ltr'>pessimus,</span> <span class='ocrx_word' id='word_1_42' title='bbox 517 1165 535 1186; x_wconf 84' lang='lat'>‹&lt;</span> <span class='ocrx_word' id='word_1_43' title='bbox 573 1148 818 1204; x_wconf 80' lang='lat' dir='ltr'>Imperium</span> <span class='ocrx_word' id='word_1_44' title='bbox 855 1150 1019 1190; x_wconf 85' lang='lat' dir='ltr'>summi</span> <span class='ocrx_word' id='word_1_45' title='bbox 1064 1149 1146 1191; x_wconf 89' lang='lat' dir='ltr'>Dei</span> <span class='ocrx_word' id='word_1_46' title='bbox 1189 1147 1388 1191; x_wconf 86' lang='lat' dir='ltr'>funditus</span> <span class='ocrx_word' id='word_1_47' title='bbox 1439 1163 1656 1204; x_wconf 82' lang='lat' dir='ltr'>recusare,</span> 
     </span>
     <span class='ocr_line' id='line_1_9' title="bbox 245 1219 1655 1277; baseline 0.001 -17"><span class='ocrx_word' id='word_1_48' title='bbox 245 1232 375 1276; x_wconf 87' lang='lat' dir='ltr'>atque</span> <span class='ocrx_word' id='word_1_49' title='bbox 409 1234 592 1261; x_wconf 86' lang='lat' dir='ltr'>omnem</span> <span class='ocrx_word' id='word_1_50' title='bbox 626 1219 924 1262; x_wconf 70' lang='lat' dir='ltr'>obedientiam</span> <span class='ocrx_word' id='word_1_51' title='bbox 959 1235 1140 1277; x_wconf 86' lang='lat' dir='ltr'>prorsus</span> <span class='ocrx_word' id='word_1_52' title='bbox 1175 1236 1335 1263; x_wconf 76' lang='lat' dir='ltr'>exuere</span> <span class='ocrx_word' id='word_1_53' title='bbox 1370 1222 1413 1262; x_wconf 90' lang='lat' dir='ltr'>in</span> <span class='ocrx_word' id='word_1_54' title='bbox 1449 1219 1655 1277; x_wconf 75' lang='lat' dir='ltr'>publicis,</span> 
     </span>
    </p>

    <p class='ocr_par' dir='ltr' id='par_1_5' title="bbox 245 1290 1658 1491">
     <span class='ocr_line' id='line_1_10' title="bbox 246 1290 1658 1348; baseline 0.001 -16"><span class='ocrx_word' id='word_1_55' title='bbox 246 1290 313 1332; x_wconf 62' lang='lat' dir='ltr'>vel</span> <span class='ocrx_word' id='word_1_56' title='bbox 347 1291 480 1332; x_wconf 88' lang='lat' dir='ltr'>etiam</span> <span class='ocrx_word' id='word_1_57' title='bbox 514 1291 559 1332; x_wconf 92' lang='lat' dir='ltr'>in</span> <span class='ocrx_word' id='word_1_58' title='bbox 594 1292 773 1347; x_wconf 84' lang='lat' dir='ltr'>privatis</span> <span class='ocrx_word' id='word_1_59' title='bbox 809 1290 1155 1348; x_wconf 77' lang='lat' dir='ltr'>domesticisque</span> <span class='ocrx_word' id='word_1_60' title='bbox 1190 1290 1337 1345; x_wconf 74' lang='lat' dir='ltr'>rebus,</span> <span class='ocrx_word' id='word_1_61' title='bbox 1372 1292 1485 1333; x_wconf 85' lang='lat' dir='ltr'>sicut</span> <span class='ocrx_word' id='word_1_62' title='bbox 1519 1292 1658 1333; x_wconf 83' lang='lat' dir='ltr'>maxi-</span> 
     </span>
     <span class='ocr_line' id='line_1_11' title="bbox 246 1362 1655 1419; baseline 0.001 -16"><span class='ocrx_word' id='word_1_63' title='bbox 246 1378 314 1405; x_wconf 88' lang='lat' dir='ltr'>ma</span> <span class='ocrx_word' id='word_1_64' title='bbox 352 1362 564 1404; x_wconf 75' lang='lat' dir='ltr'>libertatis</span> <span class='ocrx_word' id='word_1_65' title='bbox 599 1366 879 1419; x_wconf 75' lang='lat' dir='ltr'>perversitas,</span> <span class='ocrx_word' id='word_1_66' title='bbox 927 1364 985 1405; x_wconf 88' lang='lat' dir='ltr'>ita</span> <span class='ocrx_word' id='word_1_67' title='bbox 1039 1364 1235 1419; x_wconf 85' lang='lat' dir='ltr'>primum</span> <span class='ocrx_word' id='word_1_68' title='bbox 1290 1362 1555 1405; x_wconf 72' lang='lat' dir='ltr'>Lilmralismi</span> <span class='ocrx_word' id='word_1_69' title='bbox 1588 1375 1655 1405; x_wconf 87' lang='lat' dir='ltr'>est</span> 
     </span>
     <span class='ocr_line' id='line_1_12' title="bbox 245 1450 428 1491; baseline -0.005 -14"><span class='ocrx_word' id='word_1_70' title='bbox 245 1450 428 1491; x_wconf 79' lang='lat' dir='ltr'>genus.»</span> 
     </span>
    </p>

    <p class='ocr_par' dir='ltr' id='par_1_6' title="bbox 245 1504 1702 2407">
     <span class='ocr_line' id='line_1_13' title="bbox 333 1504 1656 1562; baseline -0.001 -15"><span class='ocrx_word' id='word_1_71' title='bbox 333 1505 456 1547; x_wconf 86' lang='lat' dir='ltr'>Alter</span> <span class='ocrx_word' id='word_1_72' title='bbox 491 1520 614 1547; x_wconf 89' lang='lat' dir='ltr'>error</span> <span class='ocrx_word' id='word_1_73' title='bbox 648 1518 727 1561; x_wconf 85' lang='lat' dir='ltr'>est,</span> <span class='ocrx_word' id='word_1_74' title='bbox 761 1504 995 1548; x_wconf 77' lang='lat' dir='ltr'>admittere</span> <span class='ocrx_word' id='word_1_75' title='bbox 1029 1504 1209 1562; x_wconf 89' lang='lat' dir='ltr'>quidem</span> <span class='ocrx_word' id='word_1_76' title='bbox 1245 1504 1387 1561; x_wconf 79' lang='lat' dir='ltr'>legem</span> <span class='ocrx_word' id='word_1_77' title='bbox 1422 1505 1504 1547; x_wconf 88' lang='lat' dir='ltr'>Dei</span> <span class='ocrx_word' id='word_1_78' title='bbox 1529 1515 1656 1546; x_wconf 80' lang='lat' dir='ltr'>natu·</span> 
     </span>
     <span class='ocr_line' id='line_1_14' title="bbox 246 1575 1655 1634; baseline -0.001 -15"><span class='ocrx_word' id='word_1_79' title='bbox 246 1577 383 1620; x_wconf 85' lang='lat' dir='ltr'>ralem</span> <span class='ocrx_word' id='word_1_80' title='bbox 407 1578 604 1634; x_wconf 80' lang='lat' dir='ltr'>itemque</span> <span class='ocrx_word' id='word_1_81' title='bbox 624 1576 945 1633; x_wconf 82' lang='lat' dir='ltr'>obligationem</span> <span class='ocrx_word' id='word_1_82' title='bbox 970 1575 1306 1633; x_wconf 85' lang='lat' dir='ltr'>obtemperandi</span> <span class='ocrx_word' id='word_1_83' title='bbox 1326 1575 1546 1618; x_wconf 77' lang='lat' dir='ltr'>voluntati</span> <span class='ocrx_word' id='word_1_84' title='bbox 1570 1575 1655 1618; x_wconf 86' lang='lat' dir='ltr'>Dei</span> 
     </span>
     <span class='ocr_line' id='line_1_15' title="bbox 247 1644 1661 1703; baseline -0.001 -14"><span class='ocrx_word' id='word_1_85' title='bbox 247 1647 433 1690; x_wconf 83' lang='lat' dir='ltr'>naturali</span> <span class='ocrx_word' id='word_1_86' title='bbox 468 1646 619 1702; x_wconf 73' lang='lat' dir='ltr'>modo,</span> <span class='ocrx_word' id='word_1_87' title='bbox 640 1663 721 1703; x_wconf 87' lang='lat' dir='ltr'>ope</span> <span class='ocrx_word' id='word_1_88' title='bbox 751 1647 915 1688; x_wconf 89' lang='lat' dir='ltr'>scilicet</span> <span class='ocrx_word' id='word_1_89' title='bbox 950 1647 1149 1702; x_wconf 66' lang='lat' dir='ltr'>rationis5</span> <span class='ocrx_word' id='word_1_90' title='bbox 1185 1645 1505 1700; x_wconf 71' lang='lat' dir='ltr'>manifestatae,</span> <span class='ocrx_word' id='word_1_91' title='bbox 1524 1644 1661 1688; x_wconf 84' lang='lat' dir='ltr'>simul</span> 
     </span>
     <span class='ocr_line' id='line_1_16' title="bbox 245 1714 1656 1773; baseline -0.002 -14"><span class='ocrx_word' id='word_1_92' title='bbox 245 1733 349 1759; x_wconf 78' lang='lat' dir='ltr'>vero</span> <span class='ocrx_word' id='word_1_93' title='bbox 384 1732 544 1773; x_wconf 78' lang='lat' dir='ltr'>negare</span> <span class='ocrx_word' id='word_1_94' title='bbox 580 1716 920 1773; x_wconf 87' lang='lat' dir='ltr'>possibilitatem</span> <span class='ocrx_word' id='word_1_95' title='bbox 974 1717 1043 1759; x_wconf 83' lang='lat' dir='ltr'>vel</span> <span class='ocrx_word' id='word_1_96' title='bbox 1086 1716 1445 1759; x_wconf 79' lang='lat' dir='ltr'>convenientiam</span> <span class='ocrx_word' id='word_1_97' title='bbox 1494 1714 1656 1757; x_wconf 81' lang='lat' dir='ltr'>revela-</span> 
     </span>
     <span class='ocr_line' id='line_1_17' title="bbox 245 1786 1702 1845; baseline -0.001 -15"><span class='ocrx_word' id='word_1_98' title='bbox 245 1789 379 1830; x_wconf 83' lang='lat' dir='ltr'>tionis</span> <span class='ocrx_word' id='word_1_99' title='bbox 414 1788 601 1843; x_wconf 74' lang='lat' dir='ltr'>divinae,</span> <span class='ocrx_word' id='word_1_100' title='bbox 637 1800 677 1830; x_wconf 82' lang='lat' dir='ltr'>et</span> <span class='ocrx_word' id='word_1_101' title='bbox 711 1800 1036 1845; x_wconf 84' lang='lat' dir='ltr'>consequenter</span> <span class='ocrx_word' id='word_1_102' title='bbox 1070 1789 1201 1830; x_wconf 82' lang='lat' dir='ltr'>etiam</span> <span class='ocrx_word' id='word_1_103' title='bbox 1236 1787 1342 1843; x_wconf 82' lang='lat' dir='ltr'>legis</span> <span class='ocrx_word' id='word_1_104' title='bbox 1392 1787 1473 1829; x_wconf 86' lang='lat' dir='ltr'>Dei</span> <span class='ocrx_word' id='word_1_105' title='bbox 1507 1786 1659 1843; x_wconf 85' lang='lat' dir='ltr'>positi·</span> <span class='ocrx_word' id='word_1_106' title='bbox 1696 1788 1702 1794; x_wconf 59' lang='lat'>²</span> 
     </span>
     <span class='ocr_line' id='line_1_18' title="bbox 246 1856 1655 1914; baseline -0.001 -15"><span class='ocrx_word' id='word_1_107' title='bbox 246 1874 337 1913; x_wconf 67' lang='lat' dir='ltr'>vae,</span> <span class='ocrx_word' id='word_1_108' title='bbox 374 1858 491 1900; x_wconf 88' lang='lat' dir='ltr'>illius</span> <span class='ocrx_word' id='word_1_109' title='bbox 527 1858 788 1914; x_wconf 85' lang='lat' dir='ltr'>praesertim</span> <span class='ocrx_word' id='word_1_110' title='bbox 822 1873 934 1914; x_wconf 82' lang='lat' dir='ltr'>quae</span> <span class='ocrx_word' id='word_1_111' title='bbox 968 1859 1171 1899; x_wconf 79' lang='lat' dir='ltr'>veritates</span> <span class='ocrx_word' id='word_1_112' title='bbox 1197 1856 1569 1914; x_wconf 84' lang='lat' dir='ltr'>superrationales</span> <span class='ocrx_word' id='word_1_113' title='bbox 1593 1870 1655 1898; x_wconf 85' lang='lat' dir='ltr'>re-</span> 
     </span>
     <span class='ocr_line' id='line_1_19' title="bbox 247 1927 1655 1986; baseline -0.001 -16"><span class='ocrx_word' id='word_1_114' title='bbox 247 1930 467 1985; x_wconf 85' lang='lat' dir='ltr'>cipiendas</span> <span class='ocrx_word' id='word_1_115' title='bbox 503 1928 782 1986; x_wconf 82' lang='lat' dir='ltr'>praescribat.</span> <span class='ocrx_word' id='word_1_116' title='bbox 819 1930 912 1981; x_wconf 85' lang='lat' dir='ltr'>Qui</span> <span class='ocrx_word' id='word_1_117' title='bbox 947 1941 1011 1970; x_wconf 86' lang='lat' dir='ltr'>est</span> <span class='ocrx_word' id='word_1_118' title='bbox 1055 1944 1177 1971; x_wconf 80' lang='lat' dir='ltr'>error</span> <span class='ocrx_word' id='word_1_119' title='bbox 1222 1929 1360 1985; x_wconf 85' lang='lat' dir='ltr'>priori</span> <span class='ocrx_word' id='word_1_120' title='bbox 1394 1928 1470 1983; x_wconf 79' lang='lat' dir='ltr'>illi,</span> <span class='ocrx_word' id='word_1_121' title='bbox 1496 1927 1547 1970; x_wconf 85' lang='lat' dir='ltr'>de</span> <span class='ocrx_word' id='word_1_122' title='bbox 1567 1942 1655 1984; x_wconf 89' lang='lat' dir='ltr'>quo</span> 
     </span>
     <span class='ocr_line' id='line_1_20' title="bbox 247 1997 1657 2056; baseline -0.001 -15"><span class='ocrx_word' id='word_1_123' title='bbox 247 1999 455 2054; x_wconf 73' lang='lat' dir='ltr'>diximus,</span> <span class='ocrx_word' id='word_1_124' title='bbox 491 2001 735 2056; x_wconf 76' lang='lat' dir='ltr'>proximus.</span> <span class='ocrx_word' id='word_1_125' title='bbox 788 2017 807 2038; x_wconf 71' lang='grc' dir='ltr'>α</span> <span class='ocrx_word' id='word_1_126' title='bbox 861 2000 1065 2042; x_wconf 80' lang='lat' dir='ltr'>Proxima</span> <span class='ocrx_word' id='word_1_127' title='bbox 1121 2011 1186 2041; x_wconf 83' lang='lat' dir='ltr'>est</span> <span class='ocrx_word' id='word_1_128' title='bbox 1220 2014 1376 2041; x_wconf 87' lang='lat' dir='ltr'>eorum</span> <span class='ocrx_word' id='word_1_129' title='bbox 1411 1997 1657 2054; x_wconf 78' lang='lat' dir='ltr'>disciplina,</span> 
     </span>
     <span class='ocr_line' id='line_1_21' title="bbox 245 2068 1654 2126; baseline 0 -15"><span class='ocrx_word' id='word_1_130' title='bbox 245 2071 321 2126; x_wconf 88' lang='lat' dir='ltr'>qui</span> <span class='ocrx_word' id='word_1_131' title='bbox 357 2072 508 2126; x_wconf 77' lang='lat' dir='ltr'>utique</span> <span class='ocrx_word' id='word_1_132' title='bbox 544 2071 845 2124; x_wconf 78' lang='lat' dir='ltr'>consentiunt,</span> <span class='ocrx_word' id='word_1_133' title='bbox 881 2070 1061 2112; x_wconf 73' lang='lat' dir='ltr'>subesse</span> <span class='ocrx_word' id='word_1_134' title='bbox 1097 2070 1251 2112; x_wconf 86' lang='lat' dir='ltr'>mundi</span> <span class='ocrx_word' id='word_1_135' title='bbox 1288 2068 1436 2126; x_wconf 83' lang='lat' dir='ltr'>opifici</span> <span class='ocrx_word' id='word_1_136' title='bbox 1470 2084 1516 2111; x_wconf 82' lang='lat' dir='ltr'>ac</span> <span class='ocrx_word' id='word_1_137' title='bbox 1537 2069 1654 2125; x_wconf 86' lang='lat' dir='ltr'>prin-</span> 
     </span>
     <span class='ocr_line' id='line_1_22' title="bbox 247 2141 1658 2197; baseline 0 -16"><span class='ocrx_word' id='word_1_138' title='bbox 247 2142 329 2196; x_wconf 88' lang='lat' dir='ltr'>cipi</span> <span class='ocrx_word' id='word_1_139' title='bbox 365 2142 459 2182; x_wconf 79' lang='lat' dir='ltr'>Deo</span> <span class='ocrx_word' id='word_1_140' title='bbox 495 2153 716 2197; x_wconf 73' lang='lat' dir='ltr'>oporte1·e‚</span> <span class='ocrx_word' id='word_1_141' title='bbox 752 2142 914 2197; x_wconf 83' lang='lat' dir='ltr'>quippe</span> <span class='ocrx_word' id='word_1_142' title='bbox 950 2141 1076 2183; x_wconf 89' lang='lat' dir='ltr'>cuius</span> <span class='ocrx_word' id='word_1_143' title='bbox 1121 2156 1172 2183; x_wconf 71' lang='lat' dir='ltr'>ex</span> <span class='ocrx_word' id='word_1_144' title='bbox 1220 2141 1406 2182; x_wconf 87' lang='lat' dir='ltr'>numine</span> <span class='ocrx_word' id='word_1_145' title='bbox 1450 2151 1541 2182; x_wconf 89' lang='lat' dir='ltr'>tota</span> <span class='ocrx_word' id='word_1_146' title='bbox 1593 2151 1658 2181; x_wconf 86' lang='lat' dir='ltr'>est</span> 
     </span>
     <span class='ocr_line' id='line_1_23' title="bbox 247 2211 1655 2269; baseline 0.001 -17"><span class='ocrx_word' id='word_1_147' title='bbox 247 2225 343 2267; x_wconf 77' lang='lat' dir='ltr'>apta</span> <span class='ocrx_word' id='word_1_148' title='bbox 380 2224 549 2254; x_wconf 85' lang='lat' dir='ltr'>natura:</span> <span class='ocrx_word' id='word_1_149' title='bbox 595 2212 669 2255; x_wconf 88' lang='lat' dir='ltr'>sed</span> <span class='ocrx_word' id='word_1_150' title='bbox 714 2212 847 2254; x_wconf 87' lang='lat' dir='ltr'>iidem</span> <span class='ocrx_word' id='word_1_151' title='bbox 882 2212 999 2269; x_wconf 72' lang='lat' dir='ltr'>leges</span> <span class='ocrx_word' id='word_1_152' title='bbox 1034 2211 1135 2254; x_wconf 85' lang='lat' dir='ltr'>fidei</span> <span class='ocrx_word' id='word_1_153' title='bbox 1170 2224 1211 2254; x_wconf 92' lang='lat' dir='ltr'>et</span> <span class='ocrx_word' id='word_1_154' title='bbox 1236 2226 1433 2266; x_wconf 74' lang='lat' dir='ltr'>morum,</span> <span class='ocrx_word' id='word_1_155' title='bbox 1458 2226 1655 2268; x_wconf 81' lang='lat' dir='ltr'>quasna-</span> 
     </span>
     <span class='ocr_line' id='line_1_24' title="bbox 249 2281 1654 2339; baseline 0 -17"><span class='ocrx_word' id='word_1_156' title='bbox 249 2293 345 2323; x_wconf 82' lang='lat' dir='ltr'>tura</span> <span class='ocrx_word' id='word_1_157' title='bbox 392 2297 482 2323; x_wconf 90' lang='lat' dir='ltr'>non</span> <span class='ocrx_word' id='word_1_158' title='bbox 518 2283 671 2338; x_wconf 73' lang='lat' dir='ltr'>capiat,</span> <span class='ocrx_word' id='word_1_159' title='bbox 692 2283 784 2339; x_wconf 86' lang='lat' dir='ltr'>ipsa</span> <span class='ocrx_word' id='word_1_160' title='bbox 821 2283 903 2324; x_wconf 85' lang='lat' dir='ltr'>Dei</span> <span class='ocrx_word' id='word_1_161' title='bbox 937 2283 1200 2324; x_wconf 78' lang='lat' dir='ltr'>auctoritate</span> <span class='ocrx_word' id='word_1_162' title='bbox 1235 2281 1429 2337; x_wconf 77' lang='lat' dir='ltr'>traditas7</span> <span class='ocrx_word' id='word_1_163' title='bbox 1450 2281 1654 2323; x_wconf 86' lang='lat' dir='ltr'>audacter</span> 
     </span>
     <span class='ocr_line' id='line_1_25' title="bbox 251 2350 523 2407; baseline 0.004 -15"><span class='ocrx_word' id='word_1_164' title='bbox 251 2350 523 2407; x_wconf 73' lang='lat' dir='ltr'>repudiant.»</span> 
     </span>
    </p>

    <p class='ocr_par' dir='ltr' id='par_1_7' title="bbox 337 2422 1649 2481">
     <span class='ocr_line' id='line_1_26' title="bbox 337 2422 1649 2481; baseline 0 -17"><span class='ocrx_word' id='word_1_165' title='bbox 337 2422 520 2464; x_wconf 82' lang='lat' dir='ltr'>Tertius</span> <span class='ocrx_word' id='word_1_166' title='bbox 556 2439 677 2465; x_wconf 80' lang='lat' dir='ltr'>error</span> <span class='ocrx_word' id='word_1_167' title='bbox 713 2436 792 2477; x_wconf 80' lang='lat' dir='ltr'>est,</span> <span class='ocrx_word' id='word_1_168' title='bbox 827 2423 1060 2466; x_wconf 86' lang='lat' dir='ltr'>admittere</span> <span class='ocrx_word' id='word_1_169' title='bbox 1094 2425 1374 2467; x_wconf 75' lang='lat' dir='ltr'>existentiam</span> <span class='ocrx_word' id='word_1_170' title='bbox 1398 2424 1505 2481; x_wconf 77' lang='lat' dir='ltr'>legis</span> <span class='ocrx_word' id='word_1_171' title='bbox 1541 2422 1649 2466; x_wconf 81' lang='lat' dir='ltr'>divi-</span> 
     </span>
    </p>
   </div>
  </div>
 </body>
</html>
