1705 2787
765 108 1025 143 -122--

189 211 333 256 cutiva
371 210 457 269 (1).
497 210 573 253 Est
607 221 755 252 autem
790 209 834 250 in
869 207 935 250 his
970 204 1180 250 omnibus
1205 203 1404 248 restricta
1423 214 1465 246 et
1489 199 1605 246 limi-

188 296 289 326 tata:
326 296 534 324 mensura
582 294 687 322 vero
721 291 763 321 et
811 278 1018 321 limitatio
1053 288 1118 319 est
1152 276 1437 333 potissimum
1472 272 1603 316 desu-

189 351 347 396 menda
382 368 430 394 ex
467 350 742 393 educationis
777 347 938 404 officio,
957 348 1084 390 cuius
1118 347 1288 389 ratione
1323 361 1399 388 seu
1439 344 1604 387 intuitu

188 426 255 468 lex
289 423 499 467 naturalis
535 421 667 464 talem
703 418 959 478 parentibus
995 421 1259 475 potestatem
1294 415 1479 459 confert.

279 496 393 537 Hinc
427 494 474 551 a)
509 491 560 535 ad
595 507 641 534 ea
676 506 786 549 quae
822 502 993 548 praeter
1019 488 1154 532 finem
1175 487 1465 543 educationis,
1492 484 1606 528 mul-

189 580 324 624 toque
358 565 497 620 magis
531 578 642 620 quae
677 573 831 604 contra
865 576 968 603 eum
1002 559 1139 602 finem
1164 571 1283 615 sunt,
1306 570 1508 616 parentes
1533 571 1610 614 po-

190 649 395 680 testatem
429 650 520 677 non
556 632 718 676 habent
752 632 838 691 (2).
874 659 926 663 -—
962 632 1077 674 Hinc
1112 632 1245 673 etiam
1281 630 1325 688 h)
1349 645 1438 688 quo
1462 629 1611 671 minor

191 707 333 751 evadit
367 708 411 749 in
445 706 546 749 filiis
581 704 855 748 educationis
890 705 1141 759 necessitas,
1161 718 1213 745 eo
1228 703 1375 745 minor
1394 713 1459 744 est
1477 702 1521 743 in
1540 715 1613 758 pa-

192 778 392 823 rentibus
427 790 620 836 potestas
646 778 716 820 illa
741 778 786 820 in
806 777 934 820 filios:
970 776 1245 819 educationis
1280 787 1429 818 autem
1464 788 1613 816 neces·

191 852 294 894 sitas
328 865 380 892 eo
415 850 563 892 minor
598 861 663 891 est
696 849 740 891 in
766 848 882 904 filiis,
908 863 997 905 quo
1022 848 1178 904 magiS,
1203 858 1427 889 crescente
1452 856 1609 896 aetate,

192 923 306 965 vires
341 933 561 978 augentur
615 932 657 962 et
692 920 803 962 ratio
827 918 1051 962 adolescit:
1087 933 1193 975 ergo
1228 918 1367 974 patria
1401 927 1614 974 potestaS,

192 1004 416 1036 crescente
450 990 649 1034 filiorum
682 1002 836 1045 aetate,
872 989 1098 1045 decrescit,
1133 1003 1276 1046 eoque
1332 988 1488 1044 magiS,
1524 1000 1614 1043 quo

192 1064 332 1121 magis
367 1063 481 1105 vires
516 1074 558 1104 et
592 1063 704 1104 ratio
740 1061 938 1104 filiorum
972 1060 1260 1117 explicantur.
1295 1057 1464 1101 Idcirco
1496 1069 1613 1099 recte

194 1137 276 1180 tria
309 1137 354 1178 in
388 1147 528 1177 aetate
563 1133 759 1177 filiorum
794 1134 931 1190 spatia
965 1145 1223 1189 temporum
1259 1129 1614 1186 distinguuntur.

196 1208 398 1250 Primum
432 1218 609 1263 tempus
644 1217 724 1260 est,
758 1220 899 1262 quum
934 1202 1012 1246 filii
1045 1214 1150 1245 sunt
1190 1201 1430 1259 impuberes,
1475 1213 1616 1258 quum

261 1426 324 1471 >(Ι)
353 1424 409 1460 Cf.
437 1436 490 1467 ea,
520 1435 610 1470 quae
638 1423 744 1469 paulo
773 1432 853 1458 ante
894 1423 1046 1457 diximus
1082 1423 1117 1456 in
1144 1422 1223 1456 hoc.
1252 1420 1322 1455 vol.
1352 1422 1411 1456 ΙΙΙ.
1439 1432 1518 1467 pag.
1550 1431 1615 1464 21„

199 1486 242 1520 de
270 1486 402 1520 iuribus
431 1495 521 1530 quae
549 1484 740 1519 auctoritas
770 1482 911 1517 socialis
938 1483 1046 1517 habet
1073 1483 1108 1516 in
1135 1494 1232 1519 suOS.

271 1544 327 1588 (2)
355 1544 457 1585 Hinc,
484 1551 522 1576 ut
548 1543 619 1576 iam
647 1542 781 1575 dictum
810 1550 873 1583 est,
901 1552 975 1574 non
1002 1540 1083 1575 licet
1110 1540 1325 1585 parentibus,
1354 1539 1446 1573 filios
1465 1539 1621 1584 graviter

199 1603 387 1637 vulnerare
416 1611 475 1636 aut
501 1601 665 1635 mutilare
694 1609 752 1634 aut
779 1600 994 1642 interlicere,
1022 1611 1066 1633 ne
1095 1599 1212 1633 delicti
1234 1599 1378 1644 quidem
1397 1609 1515 1632 causa.
1533 1598 1622 1631 Per·-

201 1672 324 1706 peram
352 1661 502 1694 omnino
529 1668 694 1694 auctores
723 1658 868 1703 quidam
895 1658 948 1691 ius
974 1658 1070 1692 vitae
1100 1666 1135 1692 et
1151 1657 1250 1690 necis
1270 1667 1334 1701 pro
1350 1656 1487 1690 ratione
1503 1654 1621 1689 delicti

202 1719 406 1765 parentibus
433 1719 468 1752 in
496 1718 589 1752 filios
618 1718 828 1752 tribuerunt.
856 1718 1001 1750 Poenae
1029 1726 1103 1751 tam
1131 1725 1270 1750 atroces
1299 1715 1532 1749 adversantur
1557 1725 1623 1747 na-

201 1779 304 1814 turali
332 1787 499 1824 parentes
528 1778 621 1811 inter
648 1786 682 1811 et
710 1776 804 1810 filios
844 1776 970 1810 amori.
1002 1775 1151 1819 Insuper
1190 1774 1233 1808 ad
1262 1773 1372 1807 finem
1400 1772 1622 1807 educationis

203 1838 307 1873 utiles
334 1850 407 1872 non
436 1846 534 1872 sunt:
562 1847 679 1882 neque
708 1848 771 1870 eae
807 1846 946 1881 poenae
980 1834 1023 1869 ad
1063 1834 1304 1868 domesticum
1341 1833 1504 1878 regimen
1543 1839 1623 1865 sunt

204 1897 441 1938 necessariae,
470 1907 552 1929 cum
579 1894 672 1928 filius
714 1904 906 1929 contumax
935 1902 970 1927 et
996 1902 1183 1938 protervus
1222 1891 1334 1936 possit
1362 1902 1380 1924 e
1408 1890 1518 1924 domo
1545 1889 1623 1923 eiici

205 1965 240 1990 et
266 1955 427 2001 publicae
461 1955 630 2000 potestati
658 1954 760 1988 tradi.
791 1966 806 1983 α
832 1954 960 1998 Neque
987 1961 1109 1986 tamen
1135 1963 1213 1993 nOS,
1240 1951 1403 1996 inquiunt
1429 1951 1541 1995 Impp.
1558 1951 1626 1984 Va-

205 2012 421 2047 lentinianus
450 2021 484 2046 et
510 2011 657 2054 Valens,
685 2011 705 2045 l.
734 2023 793 2045 un,
809 2022 836 2044 c.
857 2010 900 2044 de
922 2010 1101 2044 emendat.
1121 2010 1363 2054 propinqum„
1381 2010 1416 2042 in
1435 2009 1623 2054 puniendis

206 2071 387 2104 minorum
414 2070 508 2104 vitiis
536 2077 757 2114 potestatem
785 2068 820 2101 in
847 2068 1066 2101 immensum
1093 2066 1235 2101 extendi
1262 2065 1439 2108 volumus,
1468 2066 1530 2100 sed
1549 2067 1624 2100 iure

206 2129 321 2174 patrio
349 2129 542 2163 auctoritas
570 2129 725 2173 corrigat
753 2127 940 2172 propinqui
969 2126 1110 2159 iuvenis
1139 2134 1294 2159 erratum
1322 2134 1357 2159 et
1387 2125 1523 2170 privata
1554 2125 1626 2159 ani-

206 2189 458 2222 madversione
485 2196 703 2232 compescat.
733 2187 841 2228 Quod
861 2187 889 2220 si
909 2186 1075 2220 atrocitas
1095 2184 1175 2219 facti
1193 2185 1247 2218 ius
1266 2185 1487 2219 domesticae
1507 2196 1627 2219 emen-

208 2246 361 2280 dationis
390 2245 548 2287 excedat,
577 2244 692 2290 placet
721 2245 879 2278 enormis
907 2243 1026 2278 delicti
1053 2254 1134 2276 reos
1162 2243 1242 2276 dedi
1262 2243 1419 2276 iudicum
1437 2243 1589 2277 notioni.
1606 2256 1623 2275 υ

207 2303 299 2337 Vide
320 2305 520 2337 Deutoron.
536 2315 564 2337 c.
581 2304 677 2337 XXI.
693 2315 725 2337 v,
744 2303 796 2337 18.
812 2322 854 2327 —
871 2303 934 2336 Est
961 2302 1131 2335 nimirum
1150 2301 1303 2335 societas
1322 2302 1438 2336 minus
1457 2301 1624 2347 perfecta,

209 2372 361 2406 cumque
389 2362 453 2395 sibi
480 2373 553 2394 non
581 2362 627 2395 sit
653 2361 696 2395 ad
723 2361 889 2394 universa
917 2359 1098 2394 sufficiens
1124 2359 1375 2393 subordinatur
1401 2359 1564 2394 societati
1591 2367 1627 2394 et

208 2420 377 2465 potestati
405 2419 509 2462 civili,
536 2430 627 2464 quae
654 2418 793 2464 publica
819 2427 883 2461 est,
902 2417 1059 2464 perfecta
1078 2426 1182 2462 atque
1202 2417 1244 2451 ad
1263 2417 1498 2452 obtinendum
1516 2417 1627 2452 finem

211 2478 362 2512 civitatis
390 2488 424 2512 et
452 2476 665 2512 familiarum
693 2477 882 2510 sufficiens.
