1705 2787
635 74 895 131 ..351-

60 195 154 228 esse
188 179 310 239 quod
334 179 507 224 toleret.
531 197 550 220 ³>
576 181 730 238 Itaque
753 178 996 237 approbare
1021 178 1152 223 falsos
1178 179 1323 222 cultus
1349 190 1479 237 atque

59 252 111 295 iis
146 250 305 307 favere,
341 265 590 309 numquam
626 264 690 294 est
724 252 910 294 licitum.

180 321 440 365 Tolerantia
475 323 634 380 nequit
667 322 875 366 excedere
912 323 1020 366 fines
1071 338 1146 365 seu
1194 324 1356 366 limites
1407 338 1481 366 ne—

61 394 292 440 cessitatis.
317 393 431 436 Illud
456 406 632 438 tantum
658 407 723 437 est
746 394 1045 451 tolerandum,
1070 394 1191 452 quod
1216 410 1305 437 non
1337 406 1482 452 potest

61 465 252 524 (physice
285 465 354 508 vel
386 465 627 526 moraliter)
662 466 881 524 impediri.
917 467 1033 509 Hinc
1068 482 1102 508 e.
1138 482 1178 523 g.
1202 466 1353 509 illicite
1388 482 1483 523 per-

61 538 316 581 mitteretur
335 538 598 581 exercitium
618 539 806 596 quodvis
827 539 1021 581 cuiusvis
1042 537 1302 581 heterodoxi
1322 538 1483 593 cultuS,

63 609 242 670 quando
277 610 514 654 necessitas
550 626 641 653 non
686 611 895 668 postulet,
930 611 1015 653 nisi
1065 611 1197 652 unius
1246 610 1482 653 alteriusve

63 682 210 728 cultus
243 683 589 741 permissionem
623 669 699 726 aut
733 683 995 726 exercitium
1040 681 1360 725 tantummodo
1395 683 1482 739 pri-

63 766 238 797 vatum:
265 769 415 798 nonne
434 752 553 796 nefas
589 766 695 797 tunc
721 766 849 809 esset,
870 754 1045 811 plenam
1072 752 1355 796 heterodoxis
1381 753 1482 796 dare

64 825 288 869 licentiam
322 825 612 869 construendi
638 826 816 882 templa,
841 824 1066 882 aperiendi
1102 824 1290 881 scholas,
1325 838 1366 867 et
1401 842 1482 883 pu-

66 897 196 943 blicas
231 897 482 941 functiones
519 897 747 941 obeundi?

182 971 373 1014 Fortiter
420 982 461 1012 et
510 971 703 1013 suaviter
753 968 1002 1012 curandum
1052 981 1131 1023 est,
1167 980 1214 1011 ut
1253 968 1481 1011 diversitas

62 1042 266 1090 cultuum
300 1041 530 1100 paullatim
564 1042 876 1095 imminuatur,
911 1057 957 1083 ac
992 1040 1170 1083 tandem
1208 1042 1353 1083 unitas
1388 1042 1480 1084 veri

64 1114 211 1158 cultus
245 1115 289 1157 in
320 1115 495 1157 civitate
531 1114 766 1157 inducatur
802 1126 843 1156 et
877 1113 1140 1156 stabiliatur.
1167 1114 1235 1155 Sic
1261 1114 1483 1156 Constan—

65 1187 185 1230 tinus
219 1186 411 1243 Magnus
446 1186 574 1228 initio
599 1185 781 1243 quidem
807 1186 983 1242 imperii
1008 1186 1209 1242 permisit
1234 1184 1484 1228 libertatem

66 1258 294 1315 religionis
330 1256 556 1313 omnibus,
591 1269 634 1300 at
668 1270 818 1314 postea
855 1258 982 1299 iussit
1017 1256 1159 1299 claudi
1195 1257 1359 1314 templa
1392 1256 1484 1300 ido—

66 1329 215 1374 lorum
251 1341 292 1372 et
327 1329 467 1371 solam
505 1328 807 1371 Christianam
844 1328 1107 1384 religionem
1143 1330 1305 1385 vigere.

182 1399 295 1445 Illud
329 1400 509 1444 tandem
559 1416 662 1443 cum
712 1401 757 1442 P.
794 1400 1053 1441 Maldonato
1089 1399 1161 1457 (Ι)
1202 1399 1484 1456 adnotamus,

67 1490 86 1513 «
124 1487 214 1514 non
250 1472 379 1515 licere
406 1473 525 1528 istas,
561 1488 668 1530 quas
703 1483 878 1526 vocant,
915 1471 1212 1512 conscientiae
1246 1470 1484 1527 libertateS,

65 1545 258 1587 nimium
293 1556 449 1586 nostro
483 1556 685 1601 tempore
720 1544 918 1597 usitatas,
969 1542 1200 1584 haereticis
1250 1541 1366 1599 dare,
1402 1543 1486 1585 nisi

66 1617 187 1674 prius
223 1615 430 1671 Ecclesia,
466 1628 541 1658 aut
575 1617 610 1658 is
647 1616 723 1673 qui
757 1614 977 1657 Ecclesiae
1012 1626 1142 1671 caput
1168 1626 1231 1656 est
1254 1615 1484 1657 Romanus

64 1685 270 1730 Pontifex
302 1685 576 1743 iudicaverit,
610 1702 702 1729 non
736 1702 865 1743 posse
900 1685 1024 1728 evelli
1051 1686 1219 1727 zizania
1244 1686 1327 1727 nisi
1352 1686 1486 1728 simul

66 1770 107 1801 et
132 1759 333 1800 triticum
368 1758 596 1814 evellatur,
631 1770 673 1800 et
708 1774 728 1799 e
754 1774 798 1800 re
824 1757 1042 1799 Ecclesiae
1068 1773 1176 1811 esse,
1202 1769 1249 1799 ut
1269 1772 1408 1814 usque
1433 1757 1485 1799 ad

65 1845 257 1872 messem
292 1830 609 1887 permittantur
646 1841 834 1886 utraque
869 1844 1077 1871 crescere.
1114 1829 1259 1870 Huius
1285 1830 1402 1870 enim
1425 1829 1486 1870 rei

66 1915 158 1942 non
180 1900 449 1956 principum,
470 1901 544 1957 qui
564 1898 890 1956 patrisfamilias
905 1899 1018 1941 servi
1036 1910 1154 1953 sunt,
1174 1897 1248 1941 sed
1263 1899 1400 1955 ipsius
1415 1914 1486 1955 pa-

66 1971 352 2027 trisfamilias,
387 1971 430 2015 id
464 1984 528 2014 est
554 1971 773 2014 Ecclesiae
797 1969 1127 2027 gubernatoriS,
1151 1969 1369 2012 iudicium
1394 1986 1488 2012 esse

66 2043 210 2088 debet.
244 2044 337 2087 Nec
372 2042 534 2086 debent
570 2044 790 2100 principes
826 2041 1188 2099 patremfamilias
1235 2057 1405 2098 rogare,
1441 2053 1489 2084 ut

64 2115 180 2158 sinat
216 2127 403 2172 utraque
439 2130 635 2156 crescere
672 2129 811 2170 usque
846 2113 897 2155 ad
934 2128 1142 2168 messem,
1181 2112 1255 2155 sed
1290 2128 1343 2154 an
1385 2112 1489 2155 velit

66 2199 114 2230 ut
162 2199 263 2229 eant
313 2198 355 2229 et
410 2186 602 2229 evellant
652 2186 834 2227 zizania.
886 2186 948 2227 Ita
1004 2201 1078 2227 eos
1133 2185 1311 2226 affectos
1356 2196 1488 2242 atque

67 2271 242 2318 paratos
277 2274 371 2300 esse
407 2271 601 2316 oportet,
639 2270 683 2300 ut
718 2273 739 2299 a
774 2256 1085 2314 patrefamilias
1120 2257 1312 2298 coerceri
1339 2258 1488 2312 potius

140 2457 191 2499 (1)
219 2456 360 2489 Corum.
389 2456 422 2488 in
452 2454 577 2490 Matth,
605 2455 699 2489 xm.
731 2465 780 2495 Μ.
