1705 2787
777 61 1006 118 -33—

175 174 402 224 Rmmseau,
435 186 666 227 eorumque
689 181 919 212 sectatores.
944 169 1056 211 Haec
1080 180 1217 211 autem
1240 167 1335 211 ideo
1367 180 1533 225 negant,
1557 180 1601 210 ut

176 244 394 295 affirment,
432 242 641 298 originem
675 240 780 282 illius
813 240 1018 281 societatis
1050 250 1089 281 et
1111 240 1315 295 propriae,
1349 254 1428 295 qua
1460 254 1508 282 ea
1539 253 1601 282 so-·

177 316 300 357 cietas
334 315 501 369 regitur,
536 311 788 354 auctoritatis
821 310 987 351 nonnisi
1018 325 1067 351 ex
1100 307 1226 351 libera
1257 308 1480 351 hominum
1508 323 1602 352 con-

178 387 372 427 ventione
416 399 485 426 seu
513 393 726 424 contractu
760 396 846 422 esse
879 379 1167 436 repetendam:
1190 405 1242 409 —
1264 379 1377 436 quod
1410 379 1604 422 homines

177 457 353 498 vixerint
386 469 431 496 ac
464 454 604 495 vivant
639 453 677 493 in
712 450 819 493 civili
854 451 1050 492 societate
1083 462 1122 492 et
1154 450 1227 491 sub
1261 449 1370 491 civili
1388 460 1602 505 potestate,

178 528 217 571 id
241 525 496 570 contendunt
521 539 607 566 esse
629 538 715 564 11011
747 534 890 564 natura
923 523 1166 574 institutum,
1201 520 1271 564 sed
1305 521 1489 563 humana
1519 532 1604 563 arte

179 600 392 640 inventum
414 607 452 637 et
477 593 685 636 arbitraria
707 592 985 634 conventione
1018 590 1222 634 effectum.
1244 617 1296 621 —
1321 590 1423 633 Aliis
1455 589 1604 643 verbis,

178 669 390 710 societates
433 665 520 707 illas
563 665 667 706 inter
700 663 842 706 liberas
875 675 914 705 et
946 664 1130 719 pactitias
1164 663 1363 704 reiiciunt.
1399 661 1605 713 Quamvis

179 752 317 782 autem
365 737 470 779 hanc
512 736 553 777 in
587 735 899 777 conclusionem
942 733 1066 777 ambo
1106 735 1365 787 conveniant,
1409 734 1607 775 nimirum

184 810 339 852 nullam
361 825 445 851 esse
469 807 698 850 naturalem
729 809 770 849 in
803 807 986 849 hominis
1009 807 1302 848 constitutione
1335 803 1606 862 aptitudinem

185 881 233 924 ad
258 883 385 923 vitam
406 879 617 932 socialem,
650 891 790 921 tamen
838 880 878 920 in
926 877 1057 920 modo
1105 894 1192 920 rem
1235 875 1466 933 explicandi
1498 873 1607 918 diffe-

181 965 286 995 runt.
321 952 408 993 Hac
442 952 483 992 in
505 950 609 992 thesi
633 948 946 1006 expendendam
979 950 1224 991 assumimus
1257 948 1463 990 theoriam
1494 945 1609 988 Hob-

187 1023 299 1066 besii.

271 1095 463 1137 Thomas
482 1092 662 1146 Hobbes,
682 1104 799 1134 natus
818 1091 1098 1134 Malmesburii
1117 1093 1160 1134 in
1172 1090 1338 1147 Anglia‚
1353 1106 1461 1133 anno
1482 1091 1608 1146 1588,

188 1182 275 1209 rem
309 1166 390 1208 hoc
424 1177 544 1221 pacto
577 1163 751 1220 explicat
782 1162 863 1221 (1).

332 1236 377 1294 a)
409 1237 455 1278 In
504 1235 687 1277 hominis
728 1246 872 1276 natura
914 1233 1062 1292 (quam
1105 1231 1331 1275 secundum
1365 1232 1611 1274 sententiam

186 1307 472 1350 Calvinianam
490 1307 556 1358 ait,
576 1321 661 1347 esse
676 1313 850 1362 pravam
876 1304 1050 1345 omnino
1069 1315 1106 1345 et
1124 1304 1349 1361 simpliciter
1367 1310 1610 1360 corruptam,

187 1381 240 1422 ita
262 1392 304 1421 ut
328 1378 383 1420 nil
406 1380 455 1420 sit
478 1379 520 1420 in
543 1376 662 1419 nobis
684 1376 880 1428 naturale,
907 1374 1020 1431 quod
1038 1390 1124 1417 11011
1141 1375 1190 1416 sit
1223 1373 1418 1432 pravum)
1455 1373 1611 1416 invenit

186 1464 267 1492 tres
291 1450 410 1491 malos
443 1461 582 1490 motus
614 1464 685 1490 seu
706 1448 936 1503 passiones:
959 1447 1111 1502 prium,
1137 1446 1393 1496 rivalitatem,
1415 1443 1610 1497 secundo,

187 1521 460 1577 dffdrnlimn,
495 1520 631 1571 tertio,
666 1519 850 1574 gloriam.

337 1590 379 1648 IJ)
413 1590 474 1631 Ex
507 1588 634 1631 tribus
676 1588 789 1631 hisce
830 1586 1081 1630 naturalibus
1122 1585 1379 1643 passionibus
1421 1584 1611 1639 affirmat,

194 1663 405 1705 necessario
432 1656 628 1717 consequi
652 1672 803 1702 statum
825 1675 895 1701 seu
918 1658 1205 1701 conditionem
1237 1657 1322 1701 belli·
1352 1659 1612 1707 uniuscuius-

190 1749 269 1790 que
304 1733 487 1774 hominis
520 1743 663 1773 contra
703 1745 1044 1787 unumquemque
1076 1729 1306 1772 hominem.
1341 1730 1455 1772 Nam
1485 1730 1613 1785 prior,

190 1803 381 1856 rivalitas,
415 1804 643 1844 necessario
667 1801 840 1858 impellit
864 1800 1084 1843 hominem
1107 1800 1157 1843 ad
1175 1799 1413 1843 bellandum
1444 1811 1614 1856 propter

191 1876 368 1923 lucrium·
391 1873 528 1925 altera,
553 1872 791 1925 diffidentia,
815 1883 983 1928 propter
999 1872 1244 1913 securitatem
1256 1886 1270 1921 ;
1302 1871 1431 1923 tertia,
1465 1870 1613 1927 gloria,

190 1961 359 2003 propter
389 1947 548 2004 juniam
573 1962 642 1988 seu
665 1945 808 1988 honam
843 1946 1187 1988 existimationem.
1220 1944 1341 1986 Prior
1374 1943 1615 1986 violentiam

191 2019 419 2060 necessario
453 2016 618 2060 adhibet
651 2016 701 2060 ad
735 2016 970 2059 dominium
991 2017 1033 2057 111
1055 2015 1156 2058 alios
1178 2014 1369 2057 homines
1387 2029 1614 2070 eorumque

268 2143 322 2187 (r)
350 2144 388 2177 Ι11
416 2155 534 2187 opere,
554 2143 605 2176 cui
625 2143 755 2183 titulus,
775 2143 981 2184 Levhctlmn,
1002 2155 1040 2176 01·
1060 2143 1110 2176 tha
1129 2142 1392 2187 mattamsormss
1417 2141 1483 2175 and
1496 2147 1616 2187 power

196 2203 236 2247 os
257 2215 275 2236 11
305 2202 581 2236 commonitwrzllh
609 2202 845 2235 ecclesiastica]
871 2202 937 2235 and
963 2202 1056 2236 civil.
1076 2202 1154 2235 Hoc
1186 2213 1283 2246 opus,
1303 2201 1396 2247 quod
1416 2201 1489 2245 ipse
1516 2199 1616 2233 Hob-

194 2263 253 2295 bes
279 2261 410 2307 aliquot
437 2270 515 2306 post
542 2272 654 2294 annos
682 2273 723 2294 cx
750 2261 889 2307 anglica
915 2261 950 2294 in
977 2261 1123 2294 latinam
1151 2260 1309 2306 linguam
1348 2259 1464 2299 vertit,
1501 2258 1616 2292 consi—

192 2322 303 2355 derari
332 2329 446 2366 potest
472 2329 653 2365 tamquam
680 2321 984 2365 complementum
1012 2329 1189 2361 tractatus,
1217 2331 1323 2365 quem
1342 2327 1445 2353 antea
1467 2318 1614 2364 scripsit,

192 2380 229 2413 da
255 2381 337 2414 eivs.
367 2399 409 2404 —
436 2379 684 2412 Adhaeremus
709 2380 820 2413 textui
848 2380 989 2425 anglico
1010 2381 1120 2425 operis
1138 2379 1344 2419 Leviizthcm,
1375 2378 1490 2423 potius
1510 2388 1615 2422 quam

192 2439 323 2473 latino:
350 2439 406 2472 hic
436 2439 533 2472 enim
560 2438 700 2471 brevior
728 2446 778 2471 est
807 2446 839 2471 et
867 2438 1059 2472 obscurior.
