1705 2787
824 85 1081 143 ..403-

244 208 288 235 se
324 193 482 249 iugiter
529 208 603 250 per
653 191 808 236 idonea
843 206 883 235 et
920 194 1035 236 licita
1087 193 1227 238 media
1277 196 1570 253 promovendi
1604 197 1656 243 ad

242 265 515 307 securiorem
536 281 581 307 ac
608 264 853 322 pleniorem
889 269 1258 311 consecutionem
1285 268 1384 312 sinis
1421 270 1556 328 illius,
1580 274 1656 331 qui

239 350 354 379 meta
405 349 469 379 est
513 349 645 394 atque
695 353 855 394 scopus
901 340 1040 381 civilis
1076 341 1304 383 consortii.
1351 368 1402 372 —
1452 342 1655 401 Insuper,

238 419 377 449 status
415 407 557 464 quivis
600 405 730 449 habet
764 408 832 449 ius
866 407 987 450 libere
1022 409 1186 465 agendi,
1223 410 1248 453 i.
1287 425 1321 452 e.
1357 426 1401 452 se
1437 410 1655 469 dirigendi

235 478 277 519 in
314 465 449 521 finem
485 492 536 519 eo
572 476 723 532 modo,
757 475 900 535 eoque
947 479 1200 523 mediorum
1245 498 1343 537 usu,
1395 498 1528 540 quem
1566 485 1656 541 ipse

236 550 453 606 aptiorem
489 548 570 591 sibi
606 564 699 590 esse
735 565 810 591 seu
848 551 987 605 magis
1023 550 1105 594 sibi
1141 551 1345 609 expedire
1380 553 1656 611 iudicaverit,

238 621 345 677 quin
382 619 460 662 hac
496 621 539 662 in
566 634 609 662 re
633 618 785 662 debeat
812 619 865 662 ab
888 620 982 663 aliis
1017 621 1204 665 statibus
1241 623 1399 680 legem,
1433 640 1566 682 quam
1591 641 1655 668 se-

239 693 315 748 qui
351 702 570 745 teneatur,
605 692 813 748 accipere.
850 693 967 734 Haec
1004 692 1261 736 brevissime
1296 693 1410 738 dicta
1434 708 1551 739 sunt:
1578 712 1656 740 ex-

242 762 525 820 plicabuntur
559 763 698 818 magis
734 763 777 804 in
813 763 939 805 tertia
974 763 1106 806 huius
1142 764 1277 807 thesis
1313 778 1447 827 parte.

330 834 375 891 β)
410 833 547 885 Quod
582 846 731 876 autem
765 846 931 890 spectat
964 834 1016 877 ad
1051 836 1145 878 iura
1180 835 1466 892 hypothetica
1491 853 1566 881 seu
1592 854 1656 881 se·

243 904 467 956 cundaria,
503 904 607 947 haec
642 920 692 947 ex
717 905 877 962 triplici
910 906 1197 962 potissimum
1218 908 1358 964 capite
1392 907 1656 966 dependent,

243 977 459 1019 nimirum
494 992 543 1018 ex
575 977 751 1033 gentium
789 992 865 1018 usn
898 991 942 1018 ac
969 977 1164 1032 moribus,
1200 993 1249 1020 ex
1277 978 1451 1021 dominii
1482 982 1658 1038 acquisi-

240 1049 357 1097 tione,
392 1063 442 1089 ex
471 1049 598 1104 pactis
633 1062 677 1090 ac
703 1047 955 1104 foederibus.

331 1119 531 1163 Pendent
566 1121 710 1177 primo
745 1136 795 1163 ex
829 1122 1031 1177 gentium
1076 1137 1156 1164 usu
1192 1137 1238 1164 ac
1273 1122 1489 1167 moribus.
1540 1125 1656 1168 Nam

243 1192 357 1233 sicut
391 1191 435 1232 in
471 1206 558 1233 una
591 1192 765 1233 civitate
799 1192 865 1234 vel
890 1192 933 1234 in
961 1207 1050 1234 uno
1075 1204 1188 1235 statu
1218 1193 1497 1237 consuetudo
1516 1195 1656 1238 intro-

244 1261 363 1304 ducit
407 1262 490 1315 ius,
540 1263 596 1304 ita
647 1263 761 1305 inter
808 1263 956 1320 plures
1001 1276 1131 1321 atque
1181 1265 1314 1308 etiam
1349 1266 1463 1308 inter
1497 1280 1653 1308 omnes

242 1346 383 1376 status
419 1346 663 1391 potuerunt
684 1335 777 1377 iura
812 1335 955 1392 aliqua
976 1334 1180 1378 moribus
1204 1351 1279 1378 seu
1308 1352 1390 1378 usu
1417 1336 1655 1380 introduci.

243 1405 350 1448 Tale
385 1421 420 1447 e.
455 1422 496 1462 g.
531 1407 831 1449 communiter
866 1419 1072 1449 censetur
1116 1422 1210 1449 esse
1244 1408 1327 1463 ius,
1372 1407 1491 1465 quod
1525 1408 1655 1466 legati

242 1477 418 1534 habent,
437 1491 484 1521 ut
505 1479 774 1535 recipiantur
793 1477 875 1519 sub
895 1477 989 1533 lege
1009 1476 1312 1520 indemnitatis
1333 1490 1373 1520 et
1393 1479 1654 1522 securitatis,

239 1550 358 1593 Usus
393 1562 542 1593 autem
577 1564 653 1591 seu
701 1548 981 1591 consuetudo
1014 1547 1114 1591 ideo
1164 1547 1215 1590 de
1264 1547 1486 1606 aliquibus
1538 1550 1654 1592 inter

239 1635 394 1662 omnes
419 1633 574 1677 gentes
598 1620 739 1676 viguit
764 1635 939 1676 semper
965 1632 1005 1662 et
1029 1620 1162 1676 viget,
1188 1620 1289 1677 quia
1315 1634 1362 1661 ea
1387 1632 1492 1662 sunt
1517 1620 1651 1662 nimis

237 1704 532 1735 consentanea
554 1703 738 1733 naturae
763 1703 903 1733 status
929 1691 1154 1748 (quamvis
1179 1690 1230 1732 ab
1256 1691 1334 1733 hac
1359 1705 1449 1733 non
1469 1706 1651 1748 prorsus

236 1760 452 1815 absolute,
496 1761 609 1803 sicut
658 1761 755 1802 iura
803 1761 1040 1816 congenita
1090 1775 1165 1802 seu
1217 1761 1456 1816 primitiva,
1506 1768 1676 1818 neque]

236 1832 422 1874 omnino
457 1830 683 1873 evidenter
732 1830 988 1888 exigantur)
1033 1842 1075 1871 et
1108 1845 1129 1871 a
1179 1829 1350 1872 iuribus
1400 1832 1650 1887 congenitis

234 1914 392 1959 sponte
426 1917 471 1943 ac
506 1900 630 1943 facile
664 1899 1047 1957 dimanantia(1).
1075 1900 1191 1942 Haec
1226 1915 1329 1942 vero
1364 1901 1541 1964 proprie
1576 1900 1663 1943 di-·

234 1986 396 2017 cuntur
430 1974 524 2015 iura
544 1973 764 2027 gentium,
788 1970 839 2013 ad
859 1983 1056 2013 mentem
1077 1970 1496 2026 sse1121rmini‚cuius
1518 1971 1648 2028 paulo

230 2059 329 2089 ante
364 2044 492 2088 verba
529 2043 780 2099 retulimus,
816 2043 1096 2099 aliorumque
1121 2054 1323 2085 veterum
1350 2042 1646 2085 Scholastico-

231 2133 346 2160 rum.

320 2188 520 2232 Pendent
553 2187 749 2231 secundo
769 2203 820 2230 ex
839 2187 1028 2230 dominii
1049 2201 1094 2228 :ic
1109 2186 1356 2244 {insitione
1379 2187 1480 2238 Qua
1505 2187 1551 2229 in
1586 2193 1651 2230 re'

227 2262 278 2303 iis
314 2275 425 2318 quae
459 2258 650 2302 faciliora
687 2271 791 2302 sunt
826 2259 1019 2312 omissis,
1053 2257 1093 2301 dt
1129 2256 1304 2300 duobus
1327 2256 1646 2300 tantummodo

226 2332 440 2374 dicemus.
476 2358 528 2363 —-
566 2332 828 2386 Quaeritur,
863 2343 1018 2373 utrum
1070 2344 1185 2371 uaus
1234 2341 1374 2371 status
1422 2328 1565 2386 possit
1599 2329 1643 2370 in

309 2482 364 2526 (Ι)
392 2481 446 2516 Cf.
475 2482 616 2525 Sunrez,
637 2482 679 2516 de
707 2482 775 2528 leg.
803 2482 823 2516 l.
853 2493 870 2516 2
916 2494 945 2517 e.
978 2494 1040 2529 ¹9·-
1067 2483 1276 2528 praesertim
1304 2493 1401 2516 num.
1428 2493 1460 2528 9.
