1705 2787
654 60 913 102 -295„‚

164 151 221 192 Ar
256 150 337 208 ΖΡ)
371 150 560 207 principi
595 150 711 193 civili
759 151 974 207 competit
1023 162 1217 208 potestas
1267 149 1499 204 iudicialis,

74 220 207 262 etiam
241 218 390 277 quoad
423 218 608 262 alteram
642 220 776 262 huius
815 220 923 263 iuris
958 219 1253 276 functionem,
1288 221 1314 264 i.
1350 235 1385 262 e.
1422 235 1498 277 po-

76 303 206 335 testas
240 290 493 348 proferendi
525 290 686 334 iudicia
720 292 980 335 criminalia.

163 361 212 406 Id
246 374 395 405 autem
430 374 549 420 patet
574 378 625 405 ex
648 364 715 419 iis,
736 379 847 421 quae
870 365 957 406 iam
985 364 1069 406 alio
1094 363 1192 407 loco
1211 362 1284 421 (Ι)
1308 363 1502 406 diximus

73 433 125 476 de
159 433 428 476 iniuriarum
460 433 750 476 vindicatione.
797 435 923 476 Hanc
957 449 1047 477 non
1084 433 1289 491 reprobat
1323 434 1392 477 lex
1425 449 1500 476 na-

72 505 249 549 turalis:
275 520 447 561 verum,
471 520 573 548 cum
598 504 760 562 duplex
784 504 1084 562 distinguatur
1109 505 1500 563 vi11dicta,privam

73 588 115 618 et
141 575 321 634 pnblica‚
355 576 497 618 reiicit
531 579 760 633 privatam,
795 575 990 620 admittit
1023 576 1261 634 publicam.

160 648 319 692 Reiicit
352 646 594 690 vindictam
628 648 860 704 privatam.
895 648 1005 691 Vult
1040 649 1159 691 enim
1193 663 1347 706 pacem
1365 664 1412 691 ac
1435 664 1499 690 se-

72 721 307 763 curitatem
341 735 435 762 esse
469 721 584 762 inter
618 720 842 776 homines,
878 733 918 763 et
944 733 1269 778 consequenter
1294 720 1501 777 prohibet

70 791 143 834 illa
177 792 343 847 omnia,
382 806 494 849 quae
527 790 773 834 illiusmodi
797 792 891 848 paci
917 807 963 833 ac
989 792 1215 834 securitati
1235 805 1499 849 repugnant.

70 864 212 920 Atqui
245 875 396 905 actum
431 874 545 905 esset
578 861 630 905 de
664 877 767 919 pace
802 874 843 904 et
878 864 1113 905 securitate
1139 864 1253 905 inter
1275 862 1496 918 homines,

72 935 108 977 si
141 935 339 992 privatus
374 934 564 992 quisque
597 946 746 991 posset
769 949 844 990 per
869 935 1067 991 seipsum
1092 949 1220 991 agere
1241 947 1395 977 contra
1416 934 1499 977 lae—

74 1020 223 1047 sorem
257 1003 310 1047 ad
345 1003 634 1047 obtinendam
669 1004 858 1047 iniuriae
892 1016 1093 1061 acceptae
1136 1004 1501 1048 satisfactionem.

73 1076 204 1120 Tunc
239 1077 358 1119 enim
393 1102 446 1107 ——
482 1076 614 1119 multi
648 1091 724 1133 per
757 1077 848 1119 vim
897 1077 1123 1132 exigerent
1173 1078 1499 1133 reparationem

71 1149 353 1204 iniuriarum,
378 1163 490 1206 quae
514 1162 605 1190 non
630 1160 733 1190 sunt
757 1162 893 1203 verne,
918 1146 992 1190 sed
1017 1147 1334 1190 tantummodo
1359 1149 1500 1190 existi-

71 1229 199 1264 matae
236 1248 287 1252 —
323 1221 395 1263 alii
428 1221 519 1263 vim
553 1219 747 1263 facerent
771 1221 816 1262 in
841 1235 931 1276 eos,
956 1220 1032 1277 qui
1058 1235 1147 1262 non
1173 1232 1278 1263 sunt
1312 1221 1500 1263 iniuriae

69 1291 215 1335 illatae
259 1304 464 1334 auctores
501 1318 553 1323 —-
589 1291 738 1348 plures
772 1291 1238 1347 recompensationem
1273 1291 1500 1347 exigerent

69 1364 286 1406 maiorem
321 1362 500 1420 damno,
544 1362 664 1421 quod
713 1365 855 1420 reipsa
903 1362 1076 1405 illatum
1126 1375 1190 1405 est
1227 1390 1278 1394 —-
1314 1363 1498 1420 plurimi

68 1435 158 1478 vim
193 1447 447 1478 exercerent
490 1436 709 1477 maiorem
743 1435 828 1491 illa,
879 1451 990 1493 quae
1040 1437 1284 1478 necessaria
1319 1447 1399 1491 est,
1432 1435 1500 1477 vel

70 1507 204 1550 etiam
239 1505 418 1564 quando
453 1522 544 1549 non
579 1518 643 1549 est
678 1507 936 1549 necessaria.
972 1508 1025 1550 Et
1059 1508 1119 1550 sic
1171 1508 1322 1550 omnia
1356 1507 1499 1564 suspi-

69 1577 288 1634 cionibus,
323 1577 450 1633 odiis,
475 1576 738 1634 terroribus,
763 1577 948 1632 insidiis,
974 1577 1181 1621 caedibus
1208 1578 1499 1635 replerentur,

68 1664 144 1692 seu
181 1650 369 1691 iniuriae
403 1647 455 1691 ad
480 1647 769 1691 obtinendam
793 1650 1060 1692 iniuriarum
1086 1650 1499 1706 compensationem

68 1721 113 1762 in
148 1719 435 1763 indefinitum
468 1719 890 1777 multiplicarentur.

155 1791 240 1835 Sed
273 1793 446 1849 sapiens
480 1807 527 1834 ac
561 1791 742 1849 provida
761 1804 916 1835 natura
941 1791 1135 1834 admittit
1154 1791 1394 1835 vindictam
1418 1808 1509 1849 pu*

69 1863 240 1906 blicam.
260 1863 428 1907 Idcirco
449 1865 567 1906 enim
588 1865 760 1907 civilem
781 1865 975 1907 instituit
998 1865 1271 1919 societatem,
1291 1865 1336 1906 in
1360 1880 1498 1922 eaque

66 1935 312 1992 principem
337 1934 528 1990 civilem,
553 1947 600 1977 ut
619 1934 671 1978 ad
695 1950 797 1977 eum
823 1936 978 1992 privati
1014 1934 1070 1977 ob
1089 1948 1287 1992 acceptas
1312 1936 1497 1978 iniurias

67 2018 310 2049 recurrant.
343 2006 440 2063 Ipse
475 2021 579 2049 vero
613 2007 695 2049 tria
744 2005 872 2049 debet
906 2019 1149 2063 praestare:
1202 2006 1498 2049 discussionem

66 2078 349 2135 praemittere
383 2077 434 2120 de
478 2079 663 2121 veritate
698 2093 744 2120 ac
795 2090 950 2120 natura
1000 2079 1211 2122 iniuriae:
1262 2079 1498 2121 sententiam

66 2147 262 2205 proferre
298 2147 349 2191 de
385 2149 571 2191 crimine
596 2161 864 2206 perpetrato,
888 2148 939 2191 de
965 2150 1242 2205 reparatione
1267 2148 1421 2208 danda,
1446 2148 1497 2192 de

66 2234 207 2276 poena
241 2234 262 2261 a
289 2219 460 2262 laesore
485 2219 666 2263 luenda:
703 2220 998 2262 exsecutionem
1025 2235 1129 2262 suae
1154 2220 1398 2262 sententiae
1422 2236 1498 2277 per

136 2426 181 2465 fr)
211 2425 302 2458 Vide
331 2426 400 2460 vol.
431 2427 470 2460 Π.
499 2427 589 2460 thes.
618 2426 705 2462 VH..
735 2426 943 2470 praesertim
973 2437 1052 2470 pag.
1080 2435 1136 2465 or.
1166 2436 1262 2469 seqq.
