1705 2787
73 188 118 232 in
141 185 435 244 significatione
459 183 624 226 unionis
653 180 806 226 Christi
823 195 914 224 cum
937 178 1117 223 Ecclesia
1139 177 1228 237 (1).
1246 178 1374 231 Quae
1389 176 1497 221 unio

73 273 174 302 cum
207 257 263 299 sit
297 256 420 298 unius
455 254 509 298 ad
544 268 685 309 mmm,
720 267 912 310 cumque
947 251 1003 294 sit
1036 248 1348 305 indissolubilis,
1392 247 1495 292 hinc

72 327 249 388 speciali
282 327 377 370 iure
411 327 456 369 in
481 326 609 369 Nova
633 326 750 381 Lege
775 323 848 381 (2)
872 320 1168 380 prohibentur
1192 332 1289 363 tum
1313 319 1495 377 polyga-

71 401 159 443 mia
185 397 471 452 simultane&
506 407 603 438 tum
637 394 882 438 divortium
906 391 1167 450 perfectum,
1192 391 1360 449 privata
1377 391 1494 448 ipso-

72 487 172 515 rum
207 467 573 513 contrahentium
627 466 890 510 auctoritate
943 463 1124 517 factum,
1179 474 1334 521 utpote
1383 476 1494 520 quae

72 541 317 602 praedictae
351 538 673 597 significationi
708 536 1037 591 contradicunt,
1061 534 1353 593 eamdemque
1376 533 1492 577 falsi-

71 614 219 658 ficant.

159 685 223 729 Ex
256 683 383 728 dictis
408 682 644 739 intelliges,
679 682 840 724 merito
874 680 1004 722 Pium
1038 679 1114 722 IX.
1133 678 1206 737 (3)
1230 689 1491 736 sequentem

71 756 428 814 propositionem
464 766 513 797 ut
545 752 699 796 falsam
735 752 951 795 reiecisse:
981 769 999 791 «
1037 751 1131 794 Iure
1156 758 1326 793 naturae
1350 750 1492 792 matri-

69 828 197 871 monii
229 826 441 869 vinculum
475 840 555 868 non
580 834 635 867 est
660 821 981 867 indissolubile.»
1004 823 1132 875 Quae
1162 821 1410 878 propositio
1430 835 1492 863 re·

70 899 153 943 lata
176 911 240 941 est
265 899 309 941 in
333 896 511 956 Syllabo
536 896 608 955 (4)
628 908 670 939 et
695 894 1004 938 condemnata.
1031 921 1083 925 —
1109 895 1162 937 Et
1177 909 1296 949 sane,
1317 894 1490 936 etiamsi

69 971 412 1013 matrimonium
445 980 669 1026 spectetur
704 965 1021 1011 tantummodo
1066 975 1105 1009 itt
1154 975 1208 1008 est
1243 967 1283 1008 in
1318 965 1490 1022 officinm

68 1050 255 1097 naturae,
290 1052 408 1098 patet
442 1040 490 1099 a)
524 1040 803 1082 matrimonii
836 1038 1066 1081 vinculum
1112 1053 1206 1079 esse
1250 1037 1489 1080 intrinsece

68 1111 391 1168 indissolubile,
416 1112 484 1154 sin
509 1111 658 1153 minus
683 1109 766 1152 hoc
792 1125 940 1161 sensu,
965 1108 1083 1167 quod
1108 1108 1262 1151 debeat
1282 1124 1375 1151 esse
1394 1107 1489 1151 diu-

67 1196 254 1227 turnum
288 1199 364 1226 seu
400 1199 476 1241 per
511 1196 726 1239 magnum
750 1182 864 1224 vitae
888 1182 1080 1238 spatium
1106 1179 1359 1238 perdurare,
1379 1195 1490 1237 quo-

68 1270 208 1313 usque
242 1254 400 1298 saltem
434 1254 614 1312 physica
649 1252 961 1296 intellectualis
996 1265 1038 1294 et
1073 1252 1254 1295 moralis
1289 1251 1487 1295 filiorum

67 1324 270 1369 educatio
305 1341 397 1369 non
431 1326 487 1368 sit
523 1326 709 1382 expleta,
745 1325 942 1382 itemque
979 1324 1061 1366 hoc
1086 1340 1235 1379 sensu,
1260 1323 1379 1382 quod
1394 1325 1489 1367 vin-

66 1397 218 1441 culum
256 1396 587 1440 matrimoniale
637 1408 829 1454 nequeat
883 1411 1166 1453 quacumque
1200 1412 1252 1438 ex
1285 1411 1412 1438 causa
1447 1407 1490 1438 et

6 1496 14 1503 -
68 1468 200 1526 pleno
235 1468 482 1525 coniugum
517 1466 702 1510 arbitrio
737 1466 956 1525 abrumpi.
992 1467 1075 1510 Sed
1109 1468 1241 1510 etiam
1277 1479 1394 1524 patet
1443 1466 1488 1526 b)

66 1556 159 1583 esse
193 1541 432 1584 intrinsece
466 1539 794 1596 indissolubile,
834 1539 885 1583 ad
920 1552 1113 1582 mortem
1150 1556 1290 1598 usque
1324 1539 1486 1582 alteru-

134 1751 191 1796 (1)
220 1750 273 1785 Cf.
302 1750 481 1793 Palmieri,
509 1751 552 1785 de
580 1751 733 1785 matrim.
762 1751 851 1784 thes.
881 1752 973 1785 XIII.
1003 1751 1065 1784 sub
1094 1750 1152 1783 fin.

134 1811 189 1856 (2)
218 1811 299 1845 Luc.
328 1811 423 1845 XVI.
457 1811 532 1845 18.:
562 1810 722 1845 «Omnis
750 1811 806 1855 qui
836 1812 981 1845 dimittit
1007 1823 1155 1844 uxorem
1184 1822 1296 1853 suam,
1325 1818 1358 1844 et
1379 1810 1483 1844 aliam

63 1870 168 1912 ducit,
197 1870 420 1905 moechatur.
447 1884 463 1902 υ
493 1890 535 1895 -
562 1870 691 1904 Matth.
719 1871 813 1904 XIX.
842 1869 898 1903 (5.:
928 1882 943 1899 a
971 1871 1093 1915 Itaque
1121 1870 1191 1903 iam
1219 1881 1291 1903 non
1312 1879 1393 1904 sunt
1413 1870 1483 1903 duo

63 1929 125 1964 sed
153 1941 225 1963 una
251 1941 345 1963 caro.
367 1929 476 1970 Quod
504 1941 591 1974 ergo
620 1930 717 1963 Deus
752 1930 944 1967 coniunxit,
980 1929 1090 1962 homo
1117 1941 1189 1963 non
1218 1938 1368 1974 separet.
1396 1944 1410 1961 ,ι
1441 1948 1483 1954 -

64 1989 168 2023 Rom.
195 1989 299 2023 VIL:
328 2001 344 2019 «
370 1989 465 2023 Nam
493 2000 584 2035 quae
613 1990 676 2022 sub
703 1990 778 2022 viro
808 2000 859 2023 cst
888 1989 1025 2027 mulier,
1054 1991 1197 2024 vix-ente
1225 1991 1313 2029 viro,
1341 1989 1483 2034 alligata

63 2057 118 2083 est
145 2048 236 2094 legi:
266 2049 292 2083 si
322 2058 443 2083 autem
470 2058 633 2083 mortuus
662 2047 765 2082 suerit
793 2049 844 2083 vir
872 2049 957 2087 cim,
987 2048 1132 2083 liberata
1161 2058 1214 2083 cst
1254 2062 1271 2083 ει
1304 2048 1383 2093 lege
1408 2050 1484 2083 viri.

63 2106 183 2152 Igitur,
210 2108 354 2142 vivente
383 2108 471 2150 viro,
499 2108 685 2142 vocabitur
713 2107 884 2147 adultera,
913 2108 939 2141 ri
970 2106 1071 2141 fucrit
1092 2119 1170 2141 cum
1201 2107 1270 2141 alio
1297 2108 1384 2141 viro.
1404 2122 1418 2139 n
1442 2127 1484 2132 —

61 2164 88 2200 I.
116 2165 200 2200 Cor.
226 2166 330 2200 VII.:
360 2179 376 2197 «
404 2167 450 2201 Iis
479 2176 610 2209 autem,
651 2167 708 2211 qui
750 2166 981 2200 matrimonio
1022 2167 1130 2200 iuncti
1170 2176 1263 2209 sunt,
1294 2167 1484 2211 praecipio,

62 2235 135 2258 non
163 2236 242 2270 ego,
272 2225 333 2259 sed
362 2226 552 2267 Dominus,
581 2237 730 2259 uxorem
759 2238 776 2258 a
805 2226 881 2258 viro
909 2236 980 2257 uon
1010 2225 1210 2266 discedere3
1251 2226 1345 2270 quod
1373 2226 1400 2259 si
1430 2226 1483 2259 di-

61 2285 239 2327 scesserit,
267 2296 415 2320 manere
443 2286 629 2330 innuptam
660 2294 716 2319 aut
746 2286 822 2318 viro
850 2297 914 2318 suo
943 2285 1176 2319 reconciliari.
1197 2286 1239 2319 Et
1254 2287 1305 2319 vir
1332 2297 1482 2320 uxorem

59 2354 131 2377 non
158 2344 323 2378 dimittat.
351 2359 366 2376 υ

129 2401 187 2446 (3)
214 2402 252 2436 In
281 2402 346 2437 litt.
378 2404 516 2448 Apost„
545 2403 588 2437 ad
616 2403 845 2448 Aposlolicatt,
876 2413 916 2435 22
947 2414 1026 2447 aug.
1059 2404 1156 2445 1851.

130 2461 187 2506 (4)
216 2462 311 2497 Inter
338 2474 478 2498 errores
506 2463 549 2499 dc
581 2463 734 2498 Matrini.
764 2463 959 2497 christiano
988 2463 1050 2497 sub
1079 2475 1111 2496 n.
1139 2464 1323 2499 XXXVII.
