1705 2787
779 41 1038 98 „484-

248 147 326 182 216.
356 148 616 183 Declaratio.
645 167 686 173 —
721 159 746 181 1.
777 148 873 190 Quid
902 159 964 193 per
991 148 1044 182 ius
1072 148 1234 192 gentium
1277 149 1521 195 intelligebant

386 217 525 241 veteres
546 207 750 251 Iurisperiti.
767 227 809 232 —
833 217 862 240 2.
880 206 975 248 Quid
989 215 1130 241 veteres
1147 204 1327 253 Theologi
1344 207 1522 244 catholici:

385 286 427 291 —
457 267 652 300 afferuntur
679 266 787 299 verba
815 265 1035 301 Bellarinini.
1079 285 1120 291 —-
1168 277 1196 311 3.
1231 267 1326 307 Quid
1354 278 1420 300 nos
1447 267 1515 302 hoc

384 324 464 357 loco
493 336 554 369 per
581 325 633 358 ius
663 326 824 369 gentiunt
853 325 1108 370 intelligamus.
1154 346 1195 351 —
1243 327 1327 368 Quo
1369 338 1474 362 sensu
1503 340 1522 362 a

387 385 488 417 nobis
518 394 703 419 sumantur
730 386 888 427 nomina,
918 397 1005 429 gens
1035 397 1097 419 seu
1124 386 1221 420 natio
1270 405 1283 412 ·
1333 413 1340 420 .
1392 414 1399 421 .
1451 412 1460 422 .
1509 413 1515 420 .
1545 397 1615 430 400

250 455 324 488 217.
359 444 578 479 Scholion.
597 445 697 478 —ln
727 456 799 490 quo
826 446 880 478 ius
908 446 1070 489 gentium
1098 456 1163 479 seu
1182 447 1458 481 internationale
1487 457 1519 482 et

387 504 438 536 ius
467 502 626 537 naturale
655 505 831 548 privatum
861 517 920 539 seu
951 505 1167 539 individuale
1196 506 1360 541 differant
1390 534 1396 540 .
1450 536 1456 542 .
1513 520 1519 527 ·
1546 518 1614 552 404

417 646 448 690 ῙῙ.
477 647 530 681 11:
562 648 616 682 De
642 647 798 683 mutuis
826 648 1012 689 gentium
1040 648 1152 683 inter
1180 658 1219 684 se
1247 647 1403 685 011ίοί111.

200 763 387 808 'rhesis
421 765 666 806 LXXXIX.
702 790 759 796 -
792 766 853 807 Dc
887 765 1023 822 officiis
1058 766 1245 808 iuridicis
1310 802 1320 811 .
1384 800 1393 810 .
1458 800 1466 810 .
1530 781 1613 824 405

249 872 326 905 218.
354 872 690 908 Demonstratio.
720 892 763 897 -—
793 884 822 907 1.
851 874 939 916 lura,
968 886 1058 919 quae
1104 882 1216 908 status
1261 875 1395 909 habent
1437 883 1522 919 erga

391 930 479 964 alios
499 940 624 973 status,
647 932 852 966 dividuntur
873 952 914 957 —
936 933 970 967 in
986 934 1179 978 congenita
1199 944 1262 967 seu
1282 934 1459 979 primitiva
1480 953 1523 958 —

389 1000 423 1024 et
451 992 646 1026 adventitia
674 1003 736 1025 seu
765 992 932 1027 derivata.
967 1010 1013 1018 —-
1046 993 1109 1028 Illa
1154 1002 1234 1027 sunt
1278 994 1314 1028 in
1356 993 1521 1027 omnibus

391 1051 556 1096 gentibus
586 1052 766 1097 aequalia:
786 1072 828 1077 —
848 1053 938 1087 haec
966 1062 1117 1098 possunt
1145 1065 1222 1087 esse
1249 1054 1285 1088 in
1311 1054 1417 1087 variis
1436 1065 1522 1099 gen-

388 1112 483 1146 tibus
511 1111 664 1145 diversa.
692 1131 734 1136 —-
754 1122 783 1145 2.
812 1113 891 1146 Iura
919 1113 1081 1157 gentium
1100 1113 1290 1157 congenita
1308 1121 1522 1146 revocantur

389 1173 431 1206 ad
459 1172 512 1205 1115
541 1172 594 1205 sui
624 1172 873 1213 conservandi,
900 1172 953 1205 sui
969 1172 1175 1217 perficiendi
1197 1181 1231 1206 et
1250 1171 1358 1205 libere
1379 1172 1520 1216 agendi.

390 1251 432 1256 —
462 1232 539 1265 Iura
567 1231 777 1265 secundaria
805 1232 1034 1276 potissimum
1077 1231 1235 1275 pendent
1278 1244 1319 1264 ex
1360 1231 1519 1276 gentium

391 1302 455 1324 11511
483 1302 521 1324 ac
551 1291 709 1324 moribus
738 1300 797 1324 aut
825 1303 866 1324 ex
882 1292 991 1335 pactis
1012 1302 1049 1324 ac
1067 1290 1282 1324 foederibus.
1302 1309 1343 1314 —
1366 1300 1395 1323 2.
1413 1290 1520 1323 Hisce

388 1350 519 1383 iuribus
547 1361 630 1384 vern
658 1350 876 1395 respondent
911 1351 947 1384 in
981 1349 1056 1383 aliis
1085 1350 1234 1383 statibus
1262 1350 1379 1384 officia
1408 1361 1521 1395 eaque

386 1409 532 1443 iuridica
559 1429 603 1434 —
631 1421 783 1454 quorum
810 1410 959 1454 proinde
986 1408 1134 1443 violatio
1172 1421 1294 1444 veram
1338 1409 1522 1444 constituit

391 1468 555 1502 iniuriam
584 1480 646 1502 seu
674 1469 815 1514 proprie
844 1469 974 1503 dictam
1003 1468 1213 1502 iniustitiam
1277 1493 1522 1503 .....
1570 1468 1616 1502 ib.

200 1567 387 1611 'rhesis
420 1566 515 1609 XC.
541 1593 593 1597 -
619 1567 681 1609 Da
706 1566 843 1623 <stiriis
871 1574 975 1623 pure
1022 1563 1243 1607 moralibus
1310 1599 1318 1606 .
1382 1599 1391 1608 .
1457 1597 1465 1606 .
1529 1576 1609 1618 413

250 1683 326 1715 219.
354 1673 682 1708 PraenotioneS.
726 1692 767 1697 -
797 1673 851 1706 De
879 1672 1054 1706 divisione
1083 1671 1285 1706 officiorum
1313 1671 1348 1704 111
1374 1670 1521 1703 iuridica

390 1741 424 1766 et
451 1744 538 1777 pure
566 1732 745 1768 moralia.
801 1753 1519 1767 .............
1569 1727 1612 1760 ib.

249 1802 325 1825 220.
353 1792 689 1826 Demonstratio.
719 1811 760 1816 —
792 1803 821 1826 1.
846 1792 930 1825 Non
957 1791 1074 1825 solum
1102 1790 1218 1825 officia
1256 1789 1414 1830 iuridica,
1458 1786 1520 1821 sed

391 1853 499 1886 etiam
527 1851 644 1886 officia
671 1863 757 1896 pure
785 1851 934 1885 moralia
964 1863 982 1885 a
1008 1850 1157 1885 naturali
1186 1850 1265 1895 lege
1304 1847 1519 1888 nationibus,

388 1924 464 1946 non
491 1912 608 1945 minus
636 1923 743 1957 quam
770 1911 973 1951 individuis,
990 1911 1167 1944 iubentur.
1193 1928 1234 1933 —
1266 1918 1296 1942 2.
1324 1908 1380 1940 An
1407 1906 1520 1940 mutui

391 1971 525 2005 amoris
554 1970 715 2004 debitum
743 1969 963 2004 sufficienter
989 1968 1190 2014 impleatur,
1212 1967 1239 2001 si
1259 1966 1405 2012 quaevis
1433 1976 1521 2011 gens

391 2030 567 2065 abstineat
596 2042 612 2063 a
641 2029 819 2064 laedendo
846 2030 972 2074 quovis
1001 2028 1070 2063 alio
1098 2037 1192 2062 statu
1219 2028 1255 2061 in
1281 2026 1383 2060 bonis
1411 2025 1519 2070 ipsius

389 2092 551 2136 propriis.
583 2109 625 2114 —
655 2090 757 2123 Ordo
786 2090 820 2123 in
849 2088 1042 2123 dilectione
1071 2087 1267 2122 servandus
1333 2111 1341 2119 .
1393 2113 1398 2118 .
1454 2111 1460 2117 .
1511 2109 1520 2117 .
1569 2082 1615 2117 ib.

200 2184 386 2229 'rhesis
419 2184 535 2226 XCI.
577 2210 629 2214 —
658 2184 720 2226 De
748 2183 968 2240 principio,
1002 2181 1106 2239 qnod
1138 2188 1281 2223 vocant
1328 2179 1374 2222 de
1416 2193 1516 2220 mm-

417 2256 641 2298 interventu
709 2288 716 2296 .
782 2288 790 2296 .
857 2287 865 2295 .
932 2287 940 2295 .
1007 2288 1014 2295 .
1080 2286 1088 2294 .
1155 2285 1163 2293 .
1230 2285 1237 2293 .
1304 2285 1312 2292 .
1378 2254 1388 2293 ζ
1452 2284 1462 2292 .
1526 2250 1611 2306 418

249 2372 327 2395 221.
355 2362 692 2398 Demonstratio.
732 2381 774 2387 —
807 2362 884 2396 Hoc
911 2362 1123 2407 principium
1151 2360 1343 2406 opponitur
1368 2357 1517 2393 naturali

389 2420 521 2462 officio,
551 2421 647 2465 quod
676 2423 841 2456 nationes
857 2423 950 2456 inter
968 2433 1006 2455 se
1027 2421 1223 2466 adstringit,
1242 2419 1354 2454 mutui
1376 2418 1519 2452 amoris.
