1705 2787
779 92 828 96 ..-
869 73 950 120 272
988 90 1037 96 ..-

195 188 229 214 e.
268 171 525 227 religiosum
565 183 605 211 et
640 185 833 212 sacrum.
875 170 990 225 lirgo
1025 181 1216 213 statuere
1241 169 1518 214 conditiones
1544 187 1616 214 nc-

199 243 389 285 cessario
409 240 656 297 implendas
678 253 723 282 ut
745 241 865 282 licite
886 255 932 282 ac
953 239 1090 282 valide
1105 241 1407 298 contrahatur,
1422 243 1617 300 itemque

200 313 391 356 iudicare
427 325 579 355 utrum
613 311 754 354 valide
790 324 1071 354 contractum
1106 311 1237 354 fuerit
1261 307 1414 369 necne,
1438 325 1617 370 spectat,

198 401 286 426 non
322 383 371 426 ad
408 396 673 440 potestatem
710 384 902 438 civilem,
936 382 1011 425 sed
1044 381 1095 425 ad
1130 396 1396 439 potestatem
1415 384 1617 427 ecclesia-

197 455 366 509 sticam,
402 455 472 496 cui
507 453 676 496 ordinis
713 453 908 508 religiosi
935 466 976 495 et
1001 454 1109 494 sacri
1135 469 1237 496 cura
1262 468 1325 498 est
1361 456 1614 498 commissa.

198 526 236 567 Si
276 525 517 567 illiusmodi
552 524 836 567 conditiones
863 524 1064 581 princeps
1089 525 1227 566 civilis
1253 526 1380 568 vellet
1405 538 1613 577 statuere,

196 610 235 639 et
272 596 514 639 illiusmodi
549 596 662 638 ferre
698 595 874 651 iudicia,
900 596 986 637 iam
1011 611 1114 638 suae
1139 599 1370 653 potestatis
1395 597 1613 641 ambitum

197 667 438 710 excederet.
461 667 688 721 Similiter,
715 668 937 709 institutio
963 680 1003 709 et
1029 667 1231 711 educatio
1258 668 1452 713 filiorum
1478 685 1499 712 a
1524 669 1616 726 lege

197 740 358 795 altiori,
394 741 418 781 i.
455 756 490 781 e.
527 755 546 781 a
573 739 667 795 lege
694 739 784 795 ipsa
810 738 1016 793 naturali,
1040 737 1204 781 directe
1231 752 1272 783 et
1296 741 1472 797 proprie
1498 755 1618 782 com-

197 812 329 853 missa
354 823 418 853 est
444 809 713 867 parentibus.
740 810 858 865 Ergo
885 810 1038 867 nequit
1063 811 1266 867 princeps
1289 811 1427 853 civilis
1453 826 1616 854 munus

196 881 303 924 illud
338 880 500 924 directe
535 880 617 922 sibi
652 895 893 935 assumere,
930 882 1082 938 nequit
1108 881 1223 937 leges
1250 881 1376 937 ferre,
1401 897 1512 939 qnae
1535 883 1616 924 irn-

196 952 371 1010 pediant
407 953 651 1010 quominus
696 964 898 1008 parentes
943 967 1108 994 munus
1144 952 1250 995 illud
1285 952 1365 995 sibi
1400 953 1562 996 directe
1595 968 1615 995 a

198 1036 353 1066 natura
388 1024 681 1065 commissum
718 1022 850 1065 libere
886 1023 1111 1079 impleant.

273 1096 500 1147 Quartum
534 1110 714 1152 quoque
750 1094 938 1136 limitem
975 1094 1041 1136 lex
1077 1095 1214 1137 civilis
1241 1096 1409 1138 invenit
1434 1096 1478 1138 in
1501 1095 1608 1152 ipsis

197 1166 399 1222 subditiS,
434 1182 455 1208 a
490 1165 652 1223 quibus
688 1167 861 1221 exigere
885 1165 1065 1222 quidem
1090 1178 1252 1222 potest,
1277 1179 1325 1209 ut
1343 1178 1611 1209 concurrant

197 1250 239 1280 et
274 1237 532 1280 adlaborent
566 1235 617 1279 ad
644 1236 812 1278 bonum
838 1250 1093 1291 commune,
1118 1235 1193 1278 sed
1216 1235 1512 1279 diversimode
1536 1250 1617 1293 pro

199 1308 374 1351 diverso
408 1306 544 1364 gradu
574 1306 835 1349 facultatum
871 1321 946 1348 seu
997 1307 1160 1349 virium
1195 1305 1356 1363 quibus
1406 1319 1510 1349 sunt
1544 1307 1609 1349 in-

197 1379 370 1434 structi,
391 1379 449 1420 ita
470 1390 516 1420 ut
534 1377 772 1434 aequalitas
792 1377 1111 1433 proportionis,
1131 1392 1263 1434 quam
1285 1377 1452 1423 iustitia
1471 1376 1616 1420 distri-

203 1448 351 1491 butiva
385 1460 566 1505 spectat,
585 1460 798 1490 servetur.
835 1447 1088 1504 Aequalitas
1123 1460 1273 1490 autem
1308 1448 1613 1505 proportionis

198 1519 286 1561 duo
321 1520 480 1575 exigit:
517 1520 563 1576 κ)
601 1531 645 1561 ut
680 1533 813 1560 onera
864 1519 914 1560 iis
965 1517 1175 1560 omnibus
1225 1519 1531 1575 imponantur,
1565 1517 1616 1560 ad

197 1606 311 1647 quos
347 1591 529 1632 materia
567 1590 674 1646 legis
710 1591 914 1646 pertinet,
964 1591 1046 1631 nisi
1099 1589 1351 1632 rationabili
1401 1589 1452 1632 de
1487 1605 1615 1632 causa

198 1664 397 1719 exceptio
433 1662 527 1704 lieri
572 1663 830 1705 conveniat:
866 1662 912 1720 ρ)
949 1675 994 1704 ut
1029 1677 1178 1717 onera,
1213 1679 1252 1705 v.
1303 1678 1343 1718 g.
1378 1656 1616 1718 tributum,

200 1733 355 1776 iisdem
382 1735 671 1790 imponantur
696 1733 942 1776 secundum
963 1733 1275 1790 aequalitatem
1296 1748 1386 1776 non
1406 1733 1615 1776 arithme-
1675 1747 1678 1749 ·

199 1807 345 1861 ticam,
380 1806 454 1848 sed
488 1807 823 1862 geometricam,
858 1805 1005 1847 habita
1050 1821 1210 1862 nempe
1245 1807 1416 1848 ratione
1449 1807 1614 1848 virium

198 1891 239 1919 et
272 1877 533 1920 facultatum
570 1879 947 1934 uniuscuiusque:
984 1877 1092 1920 adeo
1129 1890 1176 1919 ut
1211 1878 1246 1919 si
1280 1877 1410 1920 alicui
1435 1877 1614 1920 habenti

199 1951 310 1992 vires
347 1963 394 1992 ut
428 1950 564 2005 mille,
600 1965 714 1992 onus
739 1951 996 2006 imponatur
1022 1962 1070 1991 ut
1094 1948 1261 2004 decem,
1285 1949 1409 1992 alteri
1435 1949 1613 1992 habenti

198 2020 450 2063 facultatem
486 2034 533 2063 ut
567 2033 761 2073 centum,
796 2036 910 2062 onus
944 2022 1201 2076 imponatur
1236 2032 1284 2062 ut
1319 2036 1478 2062 unum.

287 2093 344 2134 Hi
378 2105 481 2135 sunt
515 2093 738 2149 praecipui
773 2092 934 2134 limites
970 2093 1083 2134 intra
1117 2106 1228 2148 quos
1278 2091 1465 2148 principi
1499 2090 1616 2133 civili

199 2164 424 2209 confertur
459 2181 480 2207 a
514 2179 669 2208 natura
706 2167 772 2208 ius
798 2163 966 2208 ferendi
990 2164 1121 2220 leges.
1148 2164 1241 2205 Hos
1267 2163 1431 2205 limites
1457 2162 1614 2219 nequit

199 2239 400 2295 princeps
435 2238 572 2280 civilis
608 2236 928 2294 praetergredi:
965 2238 1008 2279 in
1054 2235 1224 2291 legibus
1258 2232 1449 2277 ferendis
1484 2231 1614 2276 debet

201 2312 312 2353 intra
349 2326 422 2352 eos
458 2325 501 2351 se
536 2312 779 2353 continere.
