1705 2787
784 74 1042 116 ‘²240—

211 169 349 225 all‘ata,
408 167 595 210 eflicitur
661 166 956 210 diversimode
1006 167 1099 209 aliis
1143 165 1331 223 debitor,
1379 165 1627 212 secundum

212 257 367 285 eorum
403 240 619 283 diversam
656 239 960 282 excellentiam
985 251 1026 281 et
1050 238 1220 281 diversa
1255 237 1466 281 beneficia
1489 238 1543 281 ab
1568 239 1630 282 eis

210 325 427 369 suscepta.
462 312 511 353 In
549 323 738 368 utroque
773 323 921 353 autem
957 312 1076 353 Deus
1111 325 1345 353 summum
1370 310 1542 354 obtinet
1566 311 1630 354 1ο-

210 398 327 439 cum,
363 384 437 440 qui
473 395 513 425 et
549 383 948 426 excellentissimus
988 394 1067 438 est,
1103 394 1144 424 et
1178 394 1243 424 est
1278 382 1406 426 nobis
1455 382 1631 426 essendi

213 467 253 496 et
287 453 625 509 gubernationis
674 455 871 511 primum
901 454 1184 510 principium.
1210 453 1483 497 Secundario
1524 469 1629 508 vero

211 526 351 567 nostri
387 541 480 567 esse
517 537 558 568 et
593 524 930 582 gubernationis
966 526 1180 582 principia
1213 538 1319 569 sunt
1355 527 1564 569 Parentes
1590 538 1632 569 et

212 597 370 652 Patria,
405 612 427 638 a
462 596 622 655 quibus
659 610 700 640 et
734 599 777 639 in
813 612 897 655 qua
933 598 1023 639 nati
1062 609 1102 639 et
1148 598 1307 640 nutriti
1357 613 1527 641 sumus,
1578 598 1633 641 Et

214 667 312 710 ideo
350 680 449 725 post
484 670 631 711 Deum
667 681 730 711 est
764 670 957 711 maxime
991 668 1129 710 homo
1163 667 1336 711 debitor
1375 667 1632 726 parentibus

214 752 254 782 et
290 740 453 796 patriae
488 738 574 797 (1).
610 738 738 782 Unde
773 740 886 781 sicut
920 737 972 781 ad
1022 738 1255 795 religionem
1303 740 1493 796 pertinet
1541 739 1633 783 cul—

211 823 308 853 tum
343 812 439 853 Deo
474 810 694 867 exhibere,
729 812 787 853 ita
821 809 1081 853 secundario
1102 810 1238 867 gradu
1261 810 1311 854 ad
1328 813 1513 868 pietatem
1536 826 1632 869 per-

212 883 322 924 tinet
357 882 566 925 exhibere
601 883 772 926 cultum
808 881 1063 940 parentibus
1098 895 1139 924 et
1174 884 1352 939 patriae.
1390 900 1410 923 ›>

303 955 383 996 Hic
418 969 552 1011 porro
587 970 687 1010 erga
724 955 910 1011 patriam
960 969 1085 996 amor
1120 953 1248 996 debet
1282 970 1411 997 verus
1447 970 1541 997 esse
1575 966 1637 998 at—

212 1040 296 1081 que
331 1024 504 1068 efficax:
530 1027 555 1067 i.
579 1040 614 1067 e.
650 1024 777 1068 debet
812 1026 855 1067 in
882 1024 1072 1082 perfecta
1097 1024 1245 1082 legum
1271 1026 1467 1069 civilium
1492 1038 1639 1069 custo-

213 1094 281 1137 dia
316 1097 559 1138 consistere
594 1108 635 1138 et
672 1112 753 1138 nos
778 1108 1012 1152 promptos
1040 1095 1219 1138 reddere
1245 1096 1295 1139 ad
1320 1097 1511 1154 pericula
1536 1095 1640 1139 sub-

213 1166 371 1222 eunda,
405 1166 456 1209 ad
492 1167 603 1209 mala
639 1183 715 1210 seu
751 1165 1038 1210 incommoda
1088 1166 1330 1224 toleranda,
1365 1166 1417 1210 ad
1452 1183 1635 1225 operam

211 1238 515 1281 collocandam
541 1255 621 1296 pro
646 1240 810 1296 patriae
837 1239 969 1281 bono.
992 1239 1095 1291 Qua
1120 1240 1164 1281 in
1184 1254 1244 1295 re,
1263 1255 1314 1282 ex
1333 1240 1495 1282 Leonis
1514 1240 1634 1292 XIII,

283 1436 331 1475 (Ι)
359 1433 491 1475 VatteL
521 1433 548 1466 Ie
575 1434 668 1467 droit
695 1433 747 1467 das
773 1446 853 1479 gens
880 1444 903 1469 t.
937 1446 962 1468 1.
991 1433 1011 1467 l.
1043 1445 1070 1468 1.
1091 1445 1119 1468 c.
1142 1444 1205 1476 11„
1233 1434 1281 1468 sic
1310 1433 1433 1467 definit
1465 1433 1634 1479 patriam:

214 1505 229 1523 a
249 1493 297 1527 Le
325 1502 440 1527 terme
471 1494 513 1527 de
535 1495 650 1539 putria
679 1504 741 1533 est,
771 1506 809 1528 ce
838 1494 986 1537 semble,
1015 1505 1115 1528 assez
1144 1505 1261 1527 connu
1283 1493 1325 1527 de
1340 1502 1418 1528 tout
1437 1492 1468 1527 le
1488 1492 1634 1528 monde.

215 1552 439 1597 (Iependant,
468 1563 614 1587 comme
643 1564 690 1586 on
717 1552 748 1587 le
776 1554 888 1599 prend
918 1565 960 1586 en
1000 1553 1184 1586 differ-ems
1213 1564 1306 1590 sens,
1346 1551 1368 1585 il
1395 1563 1440 1586 ne
1469 1562 1547 1585 sera
1573 1562 1636 1596 pas

214 1610 338 1644 inutile
368 1611 410 1644 de
439 1610 470 1644 le
498 1611 627 1644 delinir
653 1612 696 1645 ici
725 1621 960 1646 exactement.
990 1611 1017 1645 11
1043 1611 1183 1655 signiiie
1212 1611 1508 1644 communement
1534 1609 1638 1643 1⁷1⁵tat

213 1668 295 1701 dont
322 1681 363 1701 on
392 1673 438 1702 cst
466 1670 642 1702 menan-tf...
672 1671 771 1704 Dans
800 1682 845 1703 un
873 1682 955 1704 sens
974 1669 1049 1714 plus
1079 1671 1235 1703 resserre
1265 1677 1297 1702 et
1325 1668 1401 1713 plus
1431 1667 1635 1713 dependant

216 1727 259 1759 de
287 1726 549 1772 l'etymologie‚
578 1739 616 1761 ce
645 1737 758 1762 terme
788 1728 928 1774 signifie
958 1728 1053 1762 l'etat
1081 1740 1126 1761 ou
1146 1729 1265 1761 meme
1289 1726 1366 1772 plus
1394 1724 1637 1771 particuliere-

216 1795 315 1820 ment
342 1786 374 1820 la
400 1786 494 1829 ville,
524 1787 555 1820 le
583 1787 664 1829 lieu,
683 1789 727 1821 ou
756 1799 821 1821 nos
850 1796 993 1832 parents
1023 1787 1165 1820 avaient
1192 1786 1269 1819 leur
1295 1785 1473 1828 domicile,
1502 1796 1545 1819 au
1563 1795 1639 1818 mo-
1683 1798 1688 1804 ²

217 1854 315 1878 ment
344 1845 387 1878 de
416 1854 517 1879 notre
554 1847 752 1880 naissance.
780 1847 833 1880 En
862 1857 900 1879 ce
941 1857 1023 1879 sens
1065 1857 1113 1879 on
1141 1845 1190 1879 dit
1229 1855 1314 1878 avec
1353 1844 1483 1886 raison,
1511 1854 1580 1889 que
1603 1841 1636 1876 la

216 1904 327 1948 patrie
356 1916 400 1937 ne
429 1915 466 1938 se
493 1914 578 1949 peut
605 1905 764 1948 changer
790 1915 824 1939 et
844 1905 1014 1938 demeure
1035 1905 1197 1949 toujours
1218 1902 1251 1936 la
1270 1904 1399 1944 meme,
1420 1913 1465 1936 en
1483 1901 1635 1947 quelque

219 1961 289 1995 lieu
317 1973 384 2007 que
413 1962 486 1996 l'on
512 1975 550 1997 se
578 1972 778 2008 transporte
806 1964 893 1997 dans
922 1963 952 1997 la
981 1964 1083 1997 suite.
1104 1962 1161 1995 Un
1182 1961 1330 1995 homme
1349 1961 1423 1994 doit
1444 1971 1637 1994 conserver

217 2021 260 2054 de
289 2021 320 2055 la
349 2023 629 2057 reconnaisance
659 2033 693 2058 et
720 2024 763 2057 de
792 2023 985 2057 l'ar'fection
1013 2034 1103 2067 pour
1128 2021 1225 2055 l'etat
1265 2019 1393 2066 auquel
1419 2019 1443 2053 il
1470 2020 1545 2054 doit
1571 2031 1637 2053 son

219 2081 419 2123 educ-arion,
448 2091 481 2116 et
510 2083 597 2117 dont
625 2095 680 2117 ses
708 2092 852 2128 parents
880 2084 1012 2116 etaient
1029 2082 1207 2115 membres
1228 2080 1361 2125 lorsqu'
1377 2080 1417 2114 ils
1437 2079 1483 2113 lui
1504 2080 1637 2113 donne-

218 2149 295 2174 rent
323 2140 354 2173 la
373 2142 443 2174 vie.
463 2143 554 2175 Mais
583 2154 724 2176 connne
745 2143 903 2176 diverses
924 2142 1062 2175 raisons
1085 2141 1262 2185 legitimes
1283 2147 1440 2184 peuvent
1458 2137 1479 2171 l'
1496 2138 1634 2183 obliger

220 2202 238 2232 a
266 2212 303 2233 se
332 2201 465 2234 choisir
492 2213 560 2234 une
589 2211 687 2235 autre
715 2202 837 2246 patrie,
867 2200 1103 2241 c'est—a-dire‚
1133 2202 1150 2232 a
1179 2199 1325 2232 devenir
1352 2197 1511 2231 membre
1532 2197 1637 2230 d'une

221 2268 318 2292 autre
347 2261 492 2302 sociere,
522 2261 637 2305 quand
666 2272 760 2294 nous
788 2261 932 2305 parlons
961 2273 1004 2294 en
1037 2258 1180 2305 general
1210 2259 1251 2291 de
1280 2258 1422 2291 devoirs
1450 2267 1577 2290 envers
1605 2255 1636 2290 la

220 2320 342 2362 patrie,
373 2331 419 2353 on
447 2320 520 2353 doit
549 2320 720 2353 entendre
748 2331 787 2353 ce
815 2329 928 2353 terme
958 2320 1000 2353 de
1029 2319 1148 2359 Ferat,
1189 2318 1276 2351 dont
1315 2329 1360 2350 un
1395 2316 1543 2350 homme
1583 2323 1637 2350 est

218 2380 377 2412 membre
406 2380 532 2422 amuel,
562 2381 709 2424 puisque
738 2381 823 2414 c'est
843 2379 930 2414 celui
961 2378 1089 2424 auquel
1108 2378 1130 2411 il
1147 2390 1184 2411 se
1200 2377 1273 2410 doit
1294 2385 1369 2411 tout
1390 2376 1502 2410 entier
1522 2384 1556 2409 et
1574 2386 1636 2420 par
1694 2375 1698 2378 ⁴

217 2439 435 2485 preference.
458 2454 470 2469 υ
