1705 2787
846 38 1105 94 —358—

265 157 375 199 quae
425 156 471 183 ea
506 142 754 185 abutuntur
804 144 847 185 in
898 143 1111 187 damnum
1151 145 1288 202 ipsius
1322 146 1563 190 catholicae
1597 148 1677 191 Ec-

263 216 430 258 clesiae.

379 286 426 344 γ)
453 287 528 329 Est
549 287 733 344 insuper
752 289 1013 345 perniciosa.
1041 316 1092 320 —
1118 290 1275 347 Neque
1294 290 1443 333 solum
1463 302 1527 333 est
1548 291 1681 334 noxia

262 357 406 414 quoad
426 357 614 399 salutem
634 359 885 401 animarum
905 359 981 417 (de
1001 376 1087 418 qua
1106 376 1150 403 re
1170 360 1361 404 dubitari
1381 376 1471 404 non
1492 361 1675 420 potest),

260 427 333 470 sed
370 428 501 470 etiam
528 440 592 470 est
616 430 746 471 noxia
765 431 846 487 ipsi
873 430 1142 488 reipublicae
1168 431 1254 491 (1).
1281 431 1529 485 Quomodo
1556 433 1675 475 enim

258 500 302 542 in
338 511 433 541 toto
469 515 623 556 regno,
658 502 898 558 provincia,
934 504 1123 560 civitate,
1149 519 1229 561 pax
1253 516 1295 546 et
1318 503 1555 546 concordia
1579 519 1675 561 spe-

258 571 341 613 rari
376 583 536 628 potest,
572 571 645 614 ubi
680 573 826 615 cultus
861 589 908 616 ac
943 573 1043 617 fidei
1077 591 1253 618 summa
1287 587 1352 618 est
1376 574 1604 618 diversitas
1625 590 1671 617 ac

256 641 473 685 discordia
496 646 511 686 2

373 714 488 756 Hinc
524 715 617 757 iure
651 730 700 757 ac
733 717 894 759 merito
930 717 1288 761 condemnantur
1323 719 1366 760 in
1402 717 1579 775 Syllabo
1594 717 1668 776 (2)

254 799 492 843 sequentes
527 788 873 845 propositiones:
913 807 932 830 «
969 791 1126 833 Aetate
1161 790 1239 832 hac
1274 803 1425 833 nostra
1459 805 1550 832 non
1575 805 1668 832 am-

252 857 367 914 plius
403 859 592 915 expedit,
628 860 890 916 religionem
936 861 1199 904 catholicam
1241 859 1391 903 haberi
1439 873 1667 918 tamquam

251 930 428 972 unicam
463 943 601 974 status
637 932 919 988 religionem,
955 934 1110 976 ceteris
1149 931 1506 990 quibuscumque
1541 931 1667 974 culti-

255 998 335 1042 bus
371 1002 574 1044 exclusis.
615 1003 730 1046 Hinc
766 1003 1043 1047 laudabiliter
1078 1006 1122 1047 in
1163 1003 1428 1062 quibusdam
1463 1002 1668 1046 catholici

250 1072 445 1114 nominis
482 1073 741 1129 regionibus
776 1075 871 1131 lege
906 1088 1086 1118 cautum
1112 1088 1191 1131 est,
1213 1088 1260 1118 ut
1285 1074 1544 1118 hominibus
1562 1074 1666 1117 illuc

250 1144 614 1200 immigrantibus
650 1146 777 1189 liceat
811 1146 1040 1204 publicum
1077 1148 1245 1204 proprii
1280 1148 1495 1204 cuiusque
1520 1145 1665 1188 cultus

246 1216 506 1258 exercitium
542 1216 756 1260 habere.»
794 1219 895 1261 Iure
921 1218 1000 1260 hae
1025 1220 1356 1276 propositiones
1380 1217 1665 1260 damnantur.

244 1284 361 1328 Nam
396 1287 511 1329 sicut
545 1286 683 1330 homo
729 1288 1000 1345 individuus,
1050 1291 1108 1332 ita
1159 1292 1290 1332 etiam
1336 1290 1483 1331 Status
1534 1287 1664 1330 habet

244 1355 443 1400 officium
478 1359 773 1416 amplectendi
806 1376 948 1403 veram
983 1362 1262 1418 religionem,
1297 1373 1338 1402 et
1372 1372 1662 1417 posteaquam

241 1429 469 1486 amplexus
505 1446 600 1473 eam
634 1430 782 1488 fuerit,
830 1432 959 1475 habet
995 1449 1085 1475 non
1137 1431 1425 1475 solummodo
1469 1432 1537 1474 ius
1587 1429 1662 1473 sed

241 1502 373 1543 etiam
409 1501 606 1545 officium
639 1505 969 1560 possessionem
1005 1506 1099 1547 eius
1125 1503 1335 1548 reddendi
1358 1504 1447 1546 suis
1472 1501 1660 1545 subditis

240 1586 441 1614 securam
476 1588 522 1615 ac
561 1574 862 1631 tranquillam,
897 1574 1223 1632 praecludendo
1258 1573 1427 1617 aditum
1443 1573 1569 1631 falsis
1594 1587 1658 1614 re-

239 1641 506 1699 ligionibus:
544 1644 675 1702 idque
709 1661 800 1688 non
835 1645 1112 1703 imponendo
1147 1645 1296 1701 fidem,
1346 1660 1457 1702 quae
1491 1658 1581 1686 non
1616 1644 1657 1685 vi

180 1747 183 1754 .,
238 1713 312 1756 sed
346 1714 674 1771 praedicatione
710 1716 952 1773 inducitur,
996 1731 1153 1760 verum
1187 1715 1376 1759 vetando
1421 1717 1466 1758 in
1500 1713 1655 1757 ordine

237 1792 418 1840 externo,
442 1786 487 1827 in
512 1801 646 1843 quem
672 1798 847 1829 tantum
872 1799 1138 1844 potestatem
1166 1786 1310 1842 habet,
1330 1784 1654 1843 professionem
1676 1829 1678 1831 ,

236 1854 450 1898 falsorum
486 1857 705 1900 cultuum.

355 1928 451 1970 Hoc
470 1929 686 1984 igiturest
700 1930 911 1987 principis
927 1930 1065 1972 civilis
1081 1928 1292 1984 officium,
1307 1943 1460 1971 verum
1480 1927 1650 1969 cultum

235 1999 364 2054 tueri,
400 1998 529 2041 falsos
566 1999 810 2042 excludere.
852 2000 916 2042 Ita
965 2015 1009 2041 se
1053 2000 1188 2055 gessit
1223 1998 1527 2052 Theodosius,
1577 1996 1652 2053 qui

234 2067 442 2111 radicitus
468 2070 628 2113 evulsit
651 2070 903 2113 libertatem
929 2071 1091 2126 cultus,
1111 2070 1404 2127 quamaliqui
1428 2069 1648 2126 principes

303 2310 353 2341 η)
383 2302 437 2334 (js.
468 2303 655 2335 lice-anum.
685 2303 725 2335 de
757 2303 834 2336 virt.
864 2302 1022 2344 theolog.
1051 2314 1126 2347 cap.
1165 2303 1260 2335 XYI.
1301 2311 1425 2346 quaest
1476 2311 1524 2344 4.;
1565 2300 1645 2334 Bel—

231 2360 418 2394 larminum
448 2361 489 2393 de
520 2361 613 2394 Laic.
641 2361 662 2394 l.
687 2372 761 2394 111.
782 2373 810 2393 c.
834 2360 1097 2397 10.;'Ver1·icelli
1117 2369 1251 2405 quaest.
1270 2372 1357 2393 mor.
1375 2361 1425 2394 tit.
1448 2370 1499 2402 14.
1518 2371 1548 2404 q.
1570 2368 1645 2405 194.

301 2420 350 2461 (2)
378 2420 526 2463 l’ropos.
556 2419 721 2452 LXXVII
751 2429 785 2452 et
813 2420 1005 2452 LXXVIII.
