1705 2787
756 64 986 105 ,60-

154 177 257 220 thesi
302 174 580 233 praecedente,
625 185 663 216 et
705 172 820 229 plura
853 173 977 214 etiam
1010 172 1051 214 in
1090 170 1351 228 sequentibus
1397 169 1579 214 thesibus

155 248 375 292 addemus:
411 248 450 288 in
484 247 530 287 iis
561 246 671 287 enim
706 244 755 287 de
789 243 950 286 theoria
999 241 1243 284 Rousseavii
1290 241 1363 284 sub
1396 252 1582 298 respectu

155 320 326 377 politico
359 319 434 360 erit
469 316 691 372 agendum.

252 403 342 433 120.
377 390 601 431 Seno-iiio&v
626 387 654 428 I.
681 384 903 437 Quaedam
924 383 1166 427 Rousseavii
1188 383 1307 426 effata
1328 384 1476 426 iuverit
1500 383 1586 426 bre-

155 465 258 505 viter
297 460 561 518 perpendere.

248 534 276 575 Ι.
316 550 335 571 «
362 531 570 573 L’lwmmc
604 537 657 570 cst
690 531 738 570 mr'
770 527 879 581 libre,
911 527 967 569 sic
999 526 1183 583 loquitur
1214 526 1428 570 Rousseau
1466 527 1585 569 initio

158 603 247 646 libri
295 602 346 646 de
394 612 607 643 contractu
646 598 801 651 sociali,
853 606 886 640 et
913 605 1075 656 pariunt
1107 597 1135 640 il
1166 605 1219 639 est
1250 596 1351 639 dans
1384 597 1433 640 les
1452 597 1584 654 ferS...

162 675 369 717 Commffnt
404 688 440 714 re
474 672 727 726 clmugemenl
762 684 799 711 se.
830 669 989 727 fait-il?
1015 670 1054 727 je
1087 669 1267 725 Z’ignore.
1305 685 1326 708 »

249 744 428 787 Catenae
451 758 522 784 seu
546 741 708 783 vincula
731 740 872 797 legum
895 755 980 796 non
1003 739 1276 782 excluduntur
1309 754 1331 781 a
1353 736 1482 781 libero
1504 737 1588 780 ho-

160 818 281 859 minis
313 814 495 867 arbitriO,
530 813 600 856 sed
634 812 682 856 ab
717 828 767 855 eo
792 813 1029 869 exiguntur,
1063 823 1107 853 ut
1130 827 1152 854 a
1175 810 1288 854 malo
1314 809 1589 867 perpetrando

159 887 410 931 retrahatur:
443 901 494 927 eo
528 896 650 941 pacto
685 899 769 941 quo
802 884 897 940 equi
929 882 1125 926 indomiti
1167 898 1217 924 ex
1251 883 1337 938 ipsa
1378 897 1449 924 sua
1497 895 1591 924 con-

160 959 317 1003 ditione
351 958 524 1013 exigunt
558 956 745 999 fraenum
777 954 857 1014 (1).
896 981 948 986 —
981 954 1055 997 Illa
1088 969 1215 1011 porro
1255 953 1397 1010 legum
1428 951 1593 994 vincula

160 1046 246 1073 non
279 1029 448 1086 quidem
478 1028 643 1080 tollunt,
695 1026 767 1070 sed
805 1038 1040 1069 coarctant·
1062 1025 1280 1082 physicam
1317 1035 1482 1066 nostrae
1521 1037 1593 1065 vo-

163 1102 329 1144 luntatis
362 1098 606 1149 libertatem,
641 1113 815 1154 eamque
852 1108 1061 1139 coarctant
1093 1111 1180 1138 non
1213 1094 1383 1152 quidem
1405 1093 1590 1150 physice,

164 1172 235 1215 sed
269 1170 542 1213 solummodo
568 1169 793 1221 moraliter,
829 1167 951 1225 idque
975 1168 1016 1210 in
1039 1166 1197 1209 bonum
1213 1164 1592 1222 perfectionemque

165 1244 288 1300 ipsius
321 1241 545 1283 voluntatis
572 1239 727 1298 (2)-
745 1239 890 1281 Dices:
911 1238 1023 1282 adest
1058 1239 1140 1280 iam
1157 1236 1224 1279 lex
1255 1235 1470 1279 naturalis:
1490 1250 1594 1292 quae

164 1315 289 1370 igitur
322 1313 540 1355 necessitas
586 1311 688 1367 legis
735 1311 888 1353 civilis?
933 1310 1044 1351 Haec
1082 1307 1235 1350 scilicet
1268 1307 1502 1364 requiritur,
1550 1317 1595 1348 ut

169 1384 396 1428 declaretur
431 1384 565 1440 magis
598 1382 665 1425 lex
697 1380 904 1434 naturalis,
928 1379 1171 1433 vindicetur,
1206 1380 1372 1435 eiusque
1403 1388 1596 1434 urgeatur

166 1455 445 1499 observantia:
479 1455 717 1511 requiritur,
753 1464 796 1494 ut
829 1451 974 1505 multa,
1007 1467 1111 1508 quae
1144 1467 1166 1493 a
1197 1450 1289 1507 lege
1325 1449 1499 1492 naturali
1530 1464 1595 1491 re-

166 1526 406 1583 linquuntur
440 1525 767 1577 indeterminata,
802 1524 936 1580 magis
970 1524 1011 1564 in
1043 1523 1176 1578 specie
1199 1537 1270 1563 seu
1292 1522 1335 1563 in
1365 1519 1598 1577 particulari

167 1597 492 1640 determinentur
523 1595 614 1654 (3):
649 1595 882 1651 requiritur,
930 1594 1025 1650 quia
1058 1592 1105 1635 ab
1138 1592 1321 1634 hominis
1353 1602 1498 1634 natura
1533 1605 1597 1632 re-

168 1669 341 1725 quiritur
374 1668 547 1709 societas
571 1665 713 1718 civilis,
739 1680 855 1722 quae,
882 1663 991 1707 haud
1013 1679 1128 1706 secus
1147 1678 1192 1706 ac
1210 1663 1383 1705 societas
1415 1662 1596 1719 quaevis,

168 1755 286 1782 suam
319 1740 448 1795 exigit
481 1739 780 1790 auctoritatem,
816 1752 907 1779 suas
941 1737 1068 1792 exigit
1099 1734 1224 1791 leges.

262 1811 310 1853 Π.
349 1828 368 1850 ‹<
404 1809 449 1862 Je
483 1810 643 1861 μωροῖς,
675 1810 731 1850 sic
764 1807 875 1851 idem
907 1807 1120 1850 Rousseau
1151 1807 1269 1848 initio
1291 1806 1507 1859 sermonis,
1531 1805 1598 1847 cui

169 1881 322 1933 titulus,
358 1880 407 1923 de
437 1881 600 1936 origine
634 1891 672 1921 et
714 1877 993 1921 fundamentis
1034 1875 1330 1933 inaequalitatis
1366 1877 1474 1918 inter
1514 1874 1600 1918 ho-

172 1954 316 2004 mines,
350 1951 451 1993 dans
482 1951 632 2008 l’espbce
662 1950 849 1991 lmmczine
880 1949 983 1991 dclix
1013 1955 1134 1990 sortes
1166 1946 1436 2003 d'ine'galite'st
1470 1946 1600 1997 l’wze,

172 2039 239 2078 ilus
267 2024 298 2080 j’
318 2022 456 2080 appelle
490 2021 680 2063 naturale
713 2035 761 2062 οιι
784 2020 985 2078 physiqne,
1010 2028 1129 2077 parce
1181 2018 1313 2075 qu’elle
1361 2025 1415 2059 est
1460 2015 1600 2059 e'tczblie

166 2104 244 2153 par
276 2096 314 2137 la
347 2102 498 2146 natiue,
532 2102 566 2135 ct
610 2092 739 2150 qil-’elle
772 2093 933 2135 consiste
965 2091 1066 2133 dans
1097 2090 1136 2133 la
1166 2087 1376 2146 diffe'rence
1407 2088 1471 2131 des
1494 2090 1600 2146 riges,

246 2279 300 2324 (Ji)
329 2277 382 2312 Cf.
412 2276 482 2310 vol.
515 2287 541 2310 1.
570 2288 647 2321 pag.
677 2276 755 2309 288.
771 2276 887 2320 Equus
913 2275 990 2308 sine
1017 2275 1140 2307 fraeno
1165 2273 1337 2306 nascitur:
1365 2283 1425 2306 cur
1456 2272 1487 2305 ei
1514 2270 1604 2306 frae-

180 2350 266 2373 num
293 2336 502 2382 apponitur?
531 2336 622 2369 Huic
650 2335 773 2368 similis
801 2342 852 2368 cst
878 2334 1037 2379 quaestio
1062 2344 1081 2366 a
1107 2332 1287 2367 Rousseau
1313 2331 1500 2377 proposita.

248 2397 304 2442 (2)
335 2396 388 2432 Cf.
417 2396 486 2430 vol.
518 2407 546 2430 1.
575 2396 663 2429 thes.
691 2395 791 2428 XIV.
817 2393 926 2428 schol.

247 2456 300 2503 (3)
331 2455 386 2491 Cf.
415 2455 484 2490 vol.
517 2466 543 2489 1.
571 2456 660 2488 thes.
687 2454 848 2495 XLVII„
875 2452 1081 2499 praesertim
1107 2463 1185 2497 pag.
1215 2451 1293 2496 378.
