1705 2787
67 179 328 238 Respondet
362 193 511 223 autem
540 179 866 237 distinguendo
900 181 1016 222 inter
1064 180 1296 222 remissam
1346 191 1492 237 tyran-

66 251 217 295 nidem
251 263 294 294 et
326 251 653 295 intolerabilem
688 267 919 295 excessum
969 250 1231 308 tyrannidis.
1265 251 1335 294 Sic
1383 265 1488 294 vero

70 321 260 366 disserit.

189 409 210 432 «
246 392 291 435 Si
339 407 431 436 non
479 391 612 435 fuerit
660 407 864 435 excessus
913 392 1176 449 tyrannidis,
1217 391 1372 435 utilius
1423 403 1489 434 est

67 465 300 508 remissam
333 464 617 522 tyrannidem
652 460 839 507 t‘olerare
873 463 924 506 ad
958 476 1150 520 tempus,
1176 480 1310 522 quam
1335 476 1488 507 contra

66 549 311 593 tyrannum
345 534 517 592 agendo
554 535 706 577 multis
735 535 953 591 implicari
987 535 1208 591 periculis,
1244 549 1356 592 quae
1381 546 1487 577 sunt

68 607 271 665 graviora
304 607 397 663 ipsa
431 605 682 663 tyrannide.
717 607 872 649 Potest
895 607 1015 648 enirn
1038 607 1315 663 contingere,
1341 618 1389 648 ut
1414 606 1491 663 qui

67 691 222 722 contra
255 690 503 735 tyrannum
536 690 691 736 agunt,
725 677 974 735 praevalere
1009 693 1100 721 non
1135 679 1323 735 possint,
1351 690 1393 720 et
1427 678 1487 720 sic

67 762 336 808 provocatus
370 762 588 807 tyrannus
622 751 764 806 magis
799 748 1032 792 desaeviat.
1068 748 1207 802 Quod
1241 750 1277 791 si
1312 764 1490 806 praeva-

69 824 158 867 lere
192 823 292 880 quis
326 821 467 879 possit
501 820 711 864 adversus
746 833 1006 878 tyrannum,
1041 836 1092 863 ex
1126 820 1210 863 hoc
1259 822 1356 878 ipso
1390 836 1492 878 pro-

74 895 262 939 veniunt
295 893 526 935 multoties
560 893 847 949 gravissimae
881 892 1180 935 dissensiones
1214 893 1260 935 in
1309 892 1493 949 popul0,

69 968 159 1010 sive
179 965 287 1009 dum
306 966 352 1008 in
371 977 614 1022 tyrannum
638 965 901 1021 insurgitur,
921 966 1011 1007 sive
1036 964 1143 1007 dum
1163 977 1262 1021 post
1287 964 1494 1007 deiectio-

71 1054 174 1083 nem
194 1037 373 1095 tyranni
406 1051 509 1093 erga
529 1036 861 1079 ordinationem
898 1037 1127 1093 regiminis
1163 1035 1406 1079 multitudo
1431 1051 1495 1078 se-

77 1121 257 1168 paratur
291 1109 337 1151 in
372 1120 531 1165 partes.
568 1108 805 1164 Contingit
839 1109 988 1163 etiam,
1024 1120 1071 1150 ut
1110 1107 1337 1150 interdum
1386 1106 1494 1150 dum

73 1181 261 1224 alicuius
296 1179 461 1222 auxilio
495 1178 741 1222 multitudo
777 1179 954 1236 expellit
1003 1191 1264 1236 tyrannum,
1298 1179 1370 1221 ille
1418 1194 1495 1235 po-

77 1265 236 1296 testate
272 1263 446 1309 accepta
487 1251 771 1308 tyrannidem
822 1252 1015 1308 arripiat,
1050 1264 1089 1293 et
1124 1252 1286 1293 timens
1321 1252 1409 1308 pati
1444 1249 1496 1292 ab

74 1324 161 1367 alio
197 1322 318 1381 quod
351 1323 508 1379 ipsein
532 1322 671 1364 alium
706 1321 821 1377 fecit,
842 1323 1033 1378 graviori
1054 1323 1267 1364 servitute
1292 1320 1494 1364 subditos

76 1396 314 1453 opprimat.
349 1394 418 1436 Sic
458 1394 578 1436 enim
626 1395 671 1436 in
721 1393 954 1451 tyrannide
989 1394 1101 1436 solet
1136 1395 1412 1450 contingere,
1446 1406 1496 1436 ut

76 1467 299 1525 posterior
334 1466 511 1522 gravior
559 1464 634 1508 fiat
683 1481 814 1523 quam
852 1464 1133 1522 praecedens,
1181 1464 1288 1507 dum
1323 1480 1497 1522 praece-

77 1539 228 1582 dentia
266 1539 522 1595 gravamina
567 1554 657 1580 non
707 1537 883 1593 deserit,
919 1551 960 1580 et
1010 1539 1100 1595 ipse
1136 1554 1185 1580 ex
1235 1539 1303 1580 sui
1353 1537 1496 1580 cordis

76 1610 243 1653 malitia
277 1624 391 1652 nova
426 1610 660 1665 excogitat.
696 1609 824 1651 Unde
860 1610 1089 1666 Syracusis
1125 1609 1354 1666 quondam
1390 1611 1497 1652 Dio—

77 1683 192 1739 nysii
224 1693 421 1724 mortem
456 1680 666 1723 omnibus
702 1681 1070 1737 desiderantibus,
1106 1697 1215 1723 anus
1266 1681 1498 1738 quaedam,

77 1766 125 1796 ut
159 1753 398 1796 incolumis
433 1765 474 1795 et
507 1752 590 1795 sibi
625 1766 849 1809 superstes
899 1765 1028 1808 esset,
1064 1754 1279 1795 continue
1330 1751 1497 1794 orabat.

79 1823 216 1877 Quod
249 1836 297 1866 ut
330 1835 550 1880 tyrannus
585 1825 811 1880 cognovit,
846 1839 923 1866 cur
963 1824 1044 1865 hoc
1095 1823 1254 1865 faceret
1305 1824 1498 1866 interro-

79 1896 211 1953 gavit.
262 1895 386 1938 Tum
421 1894 516 1937 illa:
552 1895 718 1950 Puella,
743 1896 903 1952 inquit,
939 1896 1131 1937 existens
1182 1909 1285 1936 cum
1319 1909 1500 1950 gravem

79 1980 322 2025 tyrannum
358 1966 638 2023 haberemus,
674 1981 866 2009 mortem
903 1968 995 2009 eius
1031 1966 1281 2024 cupiebam,
1315 1982 1406 2024 quo
1432 1967 1497 2009 in-

79 2038 264 2082 terfecto
320 2039 601 2096 aliquantum
655 2039 809 2081 durior
863 2040 1090 2081 successit.
1147 2040 1251 2081 Eius
1317 2053 1498 2096 quoque

81 2109 437 2153 dominationem
473 2109 593 2154 finiri
628 2125 844 2166 magnum
880 2109 1203 2152 existimabam.
1225 2109 1434 2152 Tertium
1459 2122 1501 2151 te

80 2184 459 2239 importuniorem
495 2182 656 2225 habere
692 2184 921 2239 coepimus
949 2197 1191 2224 rectorem:
1218 2182 1365 2238 itaque
1389 2182 1425 2223 si
1449 2193 1497 2223 tu

79 2252 214 2295 fueris
249 2253 527 2310 absumptus,
563 2252 755 2295 deterior
791 2255 833 2295 in
871 2253 1019 2295 locum
1056 2265 1184 2295 tuum
1220 2250 1440 2294 succedet.

198 2342 217 2363 c<
254 2324 298 2367 Si
332 2326 388 2367 sit
422 2324 712 2367 intolerabilis
747 2340 952 2366 exce3sus
997 2323 1259 2380 tyrannidiS,
1310 2321 1499 2379 quibus-

80 2391 180 2436 dam
214 2395 361 2436 visum
396 2393 493 2450 fuit,
530 2407 578 2436 ut
613 2393 664 2436 ad
699 2394 883 2436 fortium
919 2395 1120 2436 virorum
1156 2396 1368 2437 virtutem
1408 2409 1504 2451 per-

79 2465 215 2507 tineat
250 2477 494 2521 tyrannum
544 2466 816 2517 interimere,
838 2481 971 2521 seque
998 2480 1077 2521 pro
1103 2464 1364 2507 liberatione
1391 2464 1504 2507 mul-
