1705 2787
651 83 913 136 ‘'⁶205“

74 189 235 236 theses.
277 190 322 233 Si
355 204 563 247 suprema
596 191 839 234 auctoritas
890 186 1107 231 censenda
1143 186 1200 229 sit
1234 197 1495 244 permanere

72 277 206 321 penes
240 261 476 319 populum,
511 261 589 318 qui
611 276 716 303 cum
750 271 942 318 nequeat
969 273 1065 301 eam
1089 272 1291 300 exercere
1323 272 1400 314 per
1434 273 1495 312 se,

74 333 207 391 eligat
239 347 452 390 personas
486 331 598 388 illas,
628 347 703 389 per
737 347 846 389 quas
883 344 1118 388 tamquam
1156 345 1233 387 per
1278 344 1384 372 suos
1433 330 1496 371 vi-

74 416 352 462 cesgerentes
387 419 483 446 eam
519 417 732 460 exerceat,
767 416 875 446 tunc
936 401 1081 444 forma
1126 402 1357 458 regiminis
1414 402 1496 443 erit

73 476 342 520 democratica
384 476 743 533 repraesentativa.
791 474 835 516 Si
884 488 1094 530 suprema
1128 474 1369 515 auctoritas
1395 487 1495 514 cen-

73 547 207 601 senda
257 549 312 590 sit
365 562 627 604 permanere
676 547 721 588 in
767 561 883 602 rege,
929 546 1006 603 qui
1057 557 1207 587 tamen
1246 544 1349 587 velit
1399 559 1495 586 eam

73 634 276 663 exercere
310 631 351 661 et
385 634 431 660 se
465 617 633 675 obiiget
661 616 735 660 'ad
784 632 881 659 eam
932 616 1223 659 exercendam
1271 615 1496 673 praedicto

73 689 226 746 modo,
258 690 286 732 i.
321 704 357 731 e.
391 704 468 746 per
502 701 656 731 coetus
690 687 789 730 illos
825 700 866 730 et
900 703 976 744 per
1012 702 1086 729 eos
1122 688 1369 743 ministros⁷
1391 699 1496 728 tunc

72 761 215 805 forma
250 761 481 817 regiminis
515 761 597 802 erit
631 760 781 816 potius
831 759 1094 801 monarchica
1137 759 1496 815 repraesentativa.

167 834 262 889 164.
297 832 529 875 SCHOLION
549 832 602 873 H.
638 831 834 888 Oportet
854 832 1002 886 etiam,
1028 842 1077 873 ut
1095 830 1147 873 de
1172 829 1337 887 duplici
1360 828 1497 872 modo

73 905 368 948 successionis
395 912 470 962 per
504 903 788 946 haereditatem
822 911 984 959 autpcr
1009 902 1233 945 electionem
1253 901 1387 959 (quae
1407 917 1497 944 ma-

73 978 190 1020 xime
224 974 276 1018 de
309 974 570 1017 monarchia
603 974 773 1032 valent)
809 975 1041 1031 praecipua
1077 973 1303 1015 doctrinae
1358 974 1497 1030 capita

73 1046 314 1090 tradamus.
351 1044 603 1089 Trademus
639 1057 790 1087 autem
825 1060 875 1087 ex
900 1045 1155 1086 Liberatore
1179 1043 1267 1103 (Ι),
1292 1045 1417 1086 cuius
1444 1060 1496 1086 en

73 1116 219 1162 verba.
916 1154 919 1157 .

162 1190 194 1232 Ι.
233 1189 438 1233 Successio
477 1197 552 1246 per
596 1187 892 1230 luzereditatem.
934 1214 986 1218 —
1032 1188 1105 1229 Ius
1156 1185 1498 1229 haereditarium

74 1259 276 1316 habetur,
311 1275 414 1303 cum
447 1274 639 1316 regnum
674 1260 733 1301 ita
768 1259 1067 1300 constitutum
1091 1270 1170 1313 est,
1196 1270 1243 1300 ut
1268 1252 1498 1315 personae,

73 1332 236 1390 quibus
271 1347 480 1390 suprema
518 1343 714 1389 potestas
760 1331 1075 1385 committitur,
1111 1345 1162 1371 ex
1205 1329 1499 1372 determinata

74 1404 238 1447 familia
271 1416 392 1447 certo
419 1402 574 1446 ordine
599 1402 852 1458 designatae
878 1403 981 1457 sint,
1006 1414 1138 1459 atque
1162 1402 1269 1443 aliae
1289 1402 1383 1443 aliis
1412 1402 1497 1443 vita

73 1476 236 1520 functis
271 1474 522 1519 succedant.
557 1476 826 1518 Innumerae
862 1474 939 1516 hac
964 1475 1008 1516 in
1034 1490 1078 1516 re
1103 1475 1288 1516 existere
1310 1486 1499 1531 possunt

75 1550 320 1605 varietates,
355 1564 465 1606 quae
500 1564 551 1590 ex
585 1548 863 1590 diversorum
901 1546 1172 1603 populorum
1197 1547 1372 1588 statutis
1394 1562 1498 1602 peu-

75 1621 204 1674 dent3
239 1635 286 1663 ac
320 1619 507 1677 proinde
542 1634 645 1661 cum
679 1634 701 1660 a
734 1619 964 1661 voluntate
984 1617 1118 1659 libera
1145 1616 1498 1674 proficiscantur,

75 1693 143 1735 ius
178 1704 360 1734 naturae
409 1689 864 1748 praetergrediuntur.
900 1690 964 1730 De
999 1688 1066 1729 his
1116 1690 1251 1743 igitur
1287 1687 1499 1730 disserere

75 1762 127 1806 ad
146 1778 228 1805 nos
248 1777 339 1805 non
372 1763 588 1819 pertinet3
614 1759 688 1803 sed
717 1762 798 1803 tria
824 1759 1053 1802 dumtaxat
1078 1758 1360 1816 adnotamus,
1386 1775 1499 1816 quae

77 1835 306 1893 principiis
342 1832 619 1876 naturalibus
654 1845 759 1892 sunt
794 1833 934 1887 magis
970 1830 1129 1873 affinia.

196 1909 243 1966 a)
278 1907 483 1949 Primum
517 1918 597 1961 est,
632 1922 723 1948 non
759 1920 887 1962 posse
923 1920 1003 1961 pro
1038 1903 1164 1946 libito
1198 1905 1335 1961 ipsius
1360 1905 1499 1962 impe-

79 1980 216 2023 rantis
250 1978 415 2020 mutari
450 1976 654 2020 ordinem
689 1976 998 2030 successionis,
1034 1976 1069 2016 si
1104 1975 1220 2031 leges
1246 1975 1500 2031 fundamen-

76 2050 170 2094 tales
206 2050 332 2106 regni
366 2047 532 2105 aliquid
568 2047 645 2089 hac
695 2048 738 2089 in
775 2062 819 2089 re
869 2045 1184 2087 determinent.
1230 2046 1346 2088 Nam
1380 2046 1498 2103 leges

78 2120 300 2165 eiusmodi
333 2118 667 2162 conditionibus
703 2116 971 2175 quibusdam
1021 2116 1304 2173 adstringunt
1339 2119 1500 2160 exerci-

78 2193 194 2236 tium
228 2205 462 2248 supremae
507 2191 754 2248 potestatis,
795 2201 835 2231 et
880 2187 1134 2231 subiectum
1179 2187 1415 2245 definiunt7
1449 2188 1501 2232 ad

78 2262 198 2323 quod
231 2263 303 2306 illa
327 2263 548 2320 pertinere
573 2262 741 2306 debeat.
767 2262 816 2305 111
843 2261 925 2304 hoc
951 2278 1051 2305 cas-u
1077 2263 1231 2319 populi
1257 2276 1500 2306 consensus

78 2335 254 2382 accedat
286 2350 465 2380 necesse
499 2348 577 2379 est.

149 2507 206 2553 (1)
232 2506 289 2542 Ius
318 2516 392 2543 soc.
421 2515 519 2540 num.
549 2512 604 2550 75.
631 2512 730 2550 seqq,
