1705 2787
765 85 1022 126 -454-

189 192 270 219 suo
306 175 460 218 ordine
484 190 706 231 suprema,
730 174 907 232 quando
934 177 976 218 in
1011 175 1168 218 eodem
1209 189 1249 219 et
1294 189 1494 234 respectu
1530 178 1600 220 sui

192 245 289 288 linis
309 245 357 287 ad
384 245 503 286 illam
529 243 576 286 lit
602 244 755 286 ultima
782 245 996 287 resolutio
1030 247 1073 287 in
1108 261 1185 288 sua
1219 246 1401 303 sphaera
1435 262 1510 290 seu
1555 248 1600 290 in

190 331 280 361 tota
301 317 637 370 communitate,
663 331 773 373 quae
798 316 858 358 illi
882 315 1056 361 subest:
1080 318 1139 358 ita
1164 330 1211 359 ut
1249 333 1270 359 a
1309 318 1380 360 tali
1404 319 1601 374 principe

189 402 400 445 supremo
434 401 590 429 omnes
626 386 854 429 inferiores
880 388 1181 443 magistratus,
1206 389 1279 445 qui
1305 389 1349 430 in
1373 388 1447 430 tali
1481 403 1602 430 com-

191 460 409 501 munitate
443 458 510 500 vel
534 458 576 499 in
611 470 732 514 parte
756 459 848 500 eius
874 470 1139 514 potestatem
1166 458 1343 515 habent,
1368 458 1601 515 pendeant,

193 532 282 586 ipse
316 544 420 571 vero
456 529 657 585 princeps
681 543 887 570 summus
922 529 1032 571 nulli
1066 530 1285 585 superiori
1309 531 1351 572 in
1378 529 1532 572 ordine
1551 529 1603 572 ad

191 599 400 643 eumdem
434 598 571 640 finem
596 599 733 640 civilis
758 598 1097 655 gubernationis
1126 598 1459 643 subordinetur.
1486 601 1604 653 Quia

192 687 295 714 vero
320 670 501 713 felicitas
526 671 782 727 temporalis
818 684 858 712 et
893 671 1031 713 civilis
1066 671 1117 714 ad
1152 672 1427 728 spiritualem
1462 684 1504 714 et
1537 687 1605 714 ae-

193 757 365 786 ternam
406 741 629 784 referenda
656 754 734 797 est,
760 741 858 784 ideo
894 741 987 784 fieri
1022 756 1181 799 potest,
1218 755 1263 785 ut
1298 744 1480 785 materia
1513 743 1604 800 ipsa

194 815 422 872 potestatis
467 814 605 856 civilis
644 814 768 856 aliter
814 813 1044 870 dirigenda
1078 828 1119 857 et
1153 814 1438 870 gubernanda
1473 815 1529 857 sit
1561 816 1606 857 in

193 886 348 929 ordine
398 885 448 928 ad
494 885 721 942 spirituale
769 885 952 942 bonum,
995 901 1126 943 quam
1166 886 1258 928 sola
1302 886 1438 929 civilis
1494 888 1606 929 ratio

194 957 420 1015 postulare
474 956 687 999 videatur.
744 958 796 999 Et
830 970 935 999 tunc
961 959 1162 1015 quamvis
1198 958 1453 1014 temporalis
1488 960 1607 1015 prin-

193 1043 292 1085 ceps
327 1029 509 1084 eiusque
546 1040 738 1084 potestas
778 1029 822 1069 in
846 1028 937 1069 suis
962 1027 1131 1070 actibus
1182 1027 1344 1070 directe
1379 1043 1470 1070 non
1504 1044 1608 1084 pen-

193 1099 290 1141 deat
325 1098 375 1140 ab
410 1099 491 1140 alia
516 1111 732 1155 potestate
757 1098 953 1141 eiusdem
981 1098 1164 1154 ordinis,
1190 1112 1231 1140 et
1265 1114 1375 1156 quae
1400 1099 1607 1141 eumdem

194 1170 329 1212 finem
364 1182 540 1212 tantum
567 1171 783 1226 respiciat,
810 1170 1105 1212 nihilominus
1141 1169 1235 1212 fieri
1270 1182 1430 1226 potest,
1456 1183 1504 1212 ut
1534 1186 1608 1212 ne-

194 1256 314 1283 cesse
338 1242 408 1294 sit,
432 1241 580 1296 ipsum
606 1239 750 1296 dirigi,
775 1241 970 1282 adiuvari
1005 1241 1071 1282 vel
1106 1242 1269 1296 corrigi
1303 1242 1347 1282 in
1371 1256 1447 1282 sua
1473 1254 1609 1283 mate-

196 1314 257 1355 ria
281 1313 501 1369 superiori
535 1325 753 1368 potestate
778 1311 1054 1368 gubernante
1079 1312 1284 1354 homines
1310 1314 1353 1354 in
1379 1311 1534 1355 ordine
1557 1311 1609 1354 ad

194 1382 555 1425 excellentiorem
591 1381 727 1424 finem
768 1396 809 1424 et
833 1396 1089 1426 aeternum:
1123 1395 1164 1424 et
1199 1396 1304 1424 tunc
1339 1382 1409 1425 illa
1449 1382 1610 1439 depen-

194 1453 340 1497 dentia
373 1467 557 1496 vocatur
593 1454 820 1510 indirecta7
841 1455 940 1511 quia
965 1454 1037 1496 illa
1063 1455 1265 1510 superior
1300 1467 1493 1510 potestas
1518 1469 1609 1496 non

194 1527 305 1568 circa
340 1526 599 1582 temporalia
635 1541 710 1582 per
745 1542 787 1566 se
823 1538 897 1567 aut
932 1538 1109 1581 propter
1144 1540 1204 1580 se,
1238 1524 1312 1567 sed
1337 1526 1463 1582 quasi
1496 1523 1609 1567 indi-

194 1611 309 1640 recte
344 1610 385 1639 et
419 1610 600 1654 propter
635 1596 753 1639 aliud
788 1595 1013 1638 interdum
1047 1609 1261 1638 versatur.
1300 1614 1319 1635 ))

280 1669 332 1711 ΙΙ.
368 1668 663 1710 Bellarminus
684 1667 756 1725 (1)
790 1682 884 1709 rem
918 1667 1117 1723 explicat,
1138 1667 1217 1708 hac
1241 1666 1428 1709 adducta
1451 1666 1607 1708 simili-

194 1740 370 1782 tudine:
409 1757 428 1779 «
468 1740 525 1781 Ut
559 1755 603 1780 se
630 1738 792 1781 habent
826 1739 871 1780 in
907 1738 1089 1780 homine
1123 1739 1304 1794 spiritus
1339 1750 1380 1780 et
1414 1753 1530 1793 caro,
1553 1738 1611 1779 ita

192 1827 236 1853 se
258 1811 418 1853 habent
443 1812 486 1853 in
522 1811 712 1853 Ecclesia
737 1809 848 1852 duae
882 1810 978 1852 illae
1012 1822 1266 1866 potestates.
1287 1810 1404 1852 Nam
1439 1824 1540 1850 caro
1571 1821 1614 1850 et

194 1883 373 1939 spiritus
421 1894 525 1924 sunt
559 1883 684 1938 quasi
733 1881 842 1923 duae
877 1880 1181 1937 Respublicae,
1215 1895 1326 1937 quae
1361 1893 1401 1922 et
1441 1895 1613 1936 separa-

195 1967 262 1996 tae
296 1966 337 1995 et
356 1954 618 1995 coniunctae
652 1953 843 1994 inveniri
877 1963 1079 2008 possunt.
1115 1950 1259 1993 Habet
1293 1966 1392 1993 caro
1428 1966 1613 1993 sensum

196 2037 238 2066 et
261 2024 522 2080 appetitum,
546 2022 708 2080 quibus
734 2021 1005 2079 respondent
1028 2033 1152 2063 actus
1172 2033 1213 2063 et
1234 2020 1405 2063 obiecta
1424 2035 1616 2078 propor-

196 2096 377 2149 tionata,
412 2106 454 2136 et
488 2109 684 2151 quorum
719 2093 925 2135 omnium
960 2091 1060 2134 finis
1094 2091 1380 2134 immediatus
1413 2104 1479 2134 est
1503 2092 1615 2133 sani-

190 2178 260 2208 tas
295 2177 336 2207 et
371 2163 483 2206 bona
504 2165 767 2206 constitutio
802 2163 1027 2219 corporis:
1065 2161 1195 2204 habet
1218 2163 1399 2219 spiritus
1421 2161 1616 2204 intellec-

199 2249 296 2278 tum
330 2248 371 2278 et
405 2236 697 2290 voluntatem,
732 2248 773 2277 et
808 2248 928 2277 actus
979 2247 1111 2291 atque
1146 2233 1314 2276 obiecta
1361 2235 1619 2291 proportio-

199 2321 312 2363 nata,
347 2321 387 2350 et
422 2323 501 2364 pro
550 2306 636 2349 fine
670 2308 842 2348 animae
896 2307 1131 2348 sanitatem
1180 2318 1222 2348 et
1270 2305 1620 2361 perfectionem:

272 2444 323 2487 (1)
349 2444 403 2477 De
431 2444 536 2477 Rom.
565 2444 668 2477 Pont.
697 2442 718 2476 l.
749 2443 792 2476 V.
822 2455 849 2477 c.
879 2441 910 2475 6.

1683 72 1691 81 „·
1667 0 1690 58 -ἵὲἒ
