1705 2787
267 184 516 227 Obiiciunt.
565 186 820 227 Auctoritas
870 199 1079 242 suprema
1130 196 1196 227 est
1244 183 1380 241 illius,
1414 198 1436 226 a
1471 179 1596 226 cuius

178 268 332 299 natura
367 255 564 298 resultat.
599 256 738 312 Atqui
771 254 954 298 resultat
986 271 1009 297 a
1032 256 1255 298 societatis
1280 267 1454 298 natura.
1479 254 1598 311 Ergo

175 327 412 368 auctoritas
448 338 512 367 est
546 325 783 367 societatis,
818 326 956 382 Atqui
990 326 1246 382 auctoritas,
1281 340 1393 383 quae
1428 335 1493 366 est
1528 337 1599 366 so-

177 398 360 451 cie-tatis7
395 397 587 452 pertinet
622 396 672 438 ad
709 395 1064 439 multitudinem.
1097 397 1214 452 Ergo
1248 396 1488 438 auctoritas
1524 408 1598 437 na-

176 481 276 509 tura
316 482 392 509 sua
432 468 623 524 pertinet
668 466 719 509 ad
755 467 1109 510 multitudinem.
1146 467 1264 523 Ergo
1304 465 1596 509 essentialiter

177 537 334 580 residet
360 539 403 580 in
439 537 744 583 multitudine.
778 539 1019 595 Distingue
1053 537 1178 594 illud,
1211 539 1487 581 anctoritatem
1515 551 1599 579 esse

177 609 387 651 societatis.
423 608 575 651 Potest
611 608 732 651 enirn
780 607 1047 664 significare,
1091 623 1175 651 esse
1201 617 1362 666 partem
1411 622 1481 650 seu
1528 605 1602 648 ele-

178 681 675 723 mentumconstitutivum
708 689 740 722 et
774 680 981 723 essentiale
1016 682 1228 733 societatis,
1276 694 1318 724 et
1350 681 1411 723 sic
1435 694 1597 738 propo—

180 752 283 793 sitio
318 753 607 808 consequitur
634 752 831 807 legitime
867 769 917 794 ex
937 753 1189 809 praemissis
1215 764 1256 794 et
1282 764 1346 794 est
1379 767 1504 795 vera:
1526 765 1603 807 po—

181 835 265 864 test
314 822 581 879 significare,
615 838 698 865 esse
748 824 809 865 ills·
860 823 1122 865 essentialiter
1174 823 1355 865 residens
1406 824 1446 864 in
1496 829 1602 864 coetu

181 910 318 937 eorum
356 897 538 937 omnium
586 897 653 952 qui
676 896 897 938 societatem
921 903 1179 952 componunt,
1202 907 1243 937 et
1268 896 1328 937 sic
1353 893 1603 952 propositio

182 965 305 1007 nullo
340 981 522 1022 prorsus
556 978 683 1023 pacto
709 982 757 1008 ex
783 967 1035 1022 praemissis
1062 967 1349 1029 coxnsequitur
1376 977 1417 1007 et
1442 977 1506 1007 est
1531 979 1604 1021 ap-

181 1038 324 1093 prime
357 1036 477 1081 falsa.

269 1108 354 1151 Sed
388 1111 475 1152 iam
510 1109 561 1152 de
597 1109 782 1165 theoria,
817 1125 953 1168 quam
987 1110 1186 1167 plerique
1229 1122 1430 1153 veterum
1466 1109 1605 1152 admi·-

182 1191 338 1221 serunt
363 1178 451 1237 (Ι),
486 1178 702 1222 iudicium
737 1179 918 1237 aliquod
953 1179 1159 1222 feramus,

746 1407 893 1435 Tlllisls
929 1406 1044 1435 LXVI.

195 1534 316 1591 Quod
350 1543 493 1593 spectat
525 1534 578 1578 ad
611 1534 806 1577 theoriam
839 1543 1033 1585 veterum,
1061 1533 1331 1585 arbitramur,
1354 1532 1540 1591 sormam
1562 1546 1607 1575 ac

303 1608 526 1651 subiectum
552 1608 757 1664 poteslcztis
792 1615 1004 1663 supremae
1031 1614 1150 1663 posse
1183 1605 1316 1647 variis
1352 1604 1498 1655 modis,
1526 1618 1607 1646 non

305 1688 436 1721 autem
460 1677 667 1720 exclusive
700 1693 749 1720 ex
777 1692 972 1720 consensit
999 1692 1066 1719 seu
1092 1675 1274 1718 electione
1297 1675 1609 1731 communitatis,

304 1751 472 1809 legitime
505 1750 782 1793 determinari.

282 1899 376 1941 172.
411 1886 783 1928 DEsroNsrRATro.
821 1882 1047 1925 Sententia
1072 1894 1275 1924 veterum
1299 1894 1390 1922 non
1415 1893 1610 1936 eas-pro—

190 1955 303 1999 fecto
337 1957 536 1999 continet
559 1954 783 2011 falsitates,
818 1953 978 2011 quibus
1003 1952 1076 2011 (ut
1110 1953 1153 1995 in
1187 1952 1301 1994 thesi
1325 1949 1611 2008 praecedente

191 2026 406 2085 vidimus)
442 2038 578 2069 scatet
612 2026 783 2068 theoria
817 2025 1133 2068 rccentiorum.
1168 2023 1302 2065 Secus
1341 2023 1476 2077 enim,
1519 2035 1612 2064 non

193 2114 288 2141 eam
323 2112 552 2157 tantopere
587 2097 942 2141 commendasset
977 2097 1139 2140 Suarez
1174 2095 1246 2154 (2)
1281 2095 1399 2137 hisce
1443 2092 1611 2137 verbis:

266 2298 319 2344 (1)
347 2300 400 2332 De
428 2299 493 2332 hac
523 2300 661 2334 theoria
690 2299 731 2334 cf.
761 2300 1068 2341 Costa-Rossetti‚
1096 2299 1248 2333 Institut.
1277 2297 1357 2331 Eth.
1386 2305 1420 2331 et
1445 2296 1513 2329 Iur.
1542 2303 1617 2329 nat.

267 2361 319 2404 (2)
346 2360 427 2394 Def.
455 2360 514 2395 fid.
541 2360 562 2393 l.
590 2361 650 2394 III.
678 2373 707 2395 c.
735 2372 767 2395 2.
794 2373 891 2395 num.
919 2371 950 2395 2.
978 2380 1019 2385 -
1040 2359 1253 2399 «Ceterum,
1270 2358 1384 2402 inquit
1398 2356 1617 2398 Liberatore‚

200 2418 255 2452 ius
284 2430 355 2452 soc.
383 2430 480 2452 num.
509 2416 613 2452 61.in
631 2418 701 2461 sin„
730 2419 757 2452 si
786 2419 841 2452 cui
869 2419 982 2464 magis
1011 2417 1140 2452 arridet
1167 2416 1346 2451 sententia
1384 2413 1552 2456 Suaresii,
1585 2413 1614 2448 is

196 2488 293 2513 certo
322 2479 532 2524 reprehendi
560 2490 633 2511 non
659 2488 789 2524 potest,
818 2491 897 2514 cum
924 2491 988 2524 pro
1025 2490 1063 2512 se
1104 2479 1355 2515 auctoritatem
1392 2485 1465 2510 non
1503 2473 1615 2508 modo
