1705 2787
644 80 906 114 *211—

149 179 203 226 ΙΙ.
224 177 319 226 Nec
343 177 493 223 minus
518 176 752 238 perspicua
775 190 840 224 est
862 177 997 223 altera
1014 174 1147 223 huius
1167 174 1344 222 theseos
1369 189 1482 234 pars,

60 253 298 300 Undenam
332 251 493 311 pendet
529 252 701 298 bonitas
736 252 944 312 gubernii
977 268 1053 296 seu
1081 251 1351 295 conveniens
1376 265 1482 292 con-

58 327 227 371 secutio
261 325 392 372 finis?
425 327 530 370 Non
564 339 655 369 tam
689 325 906 384 dependet
941 341 992 368 ex
1016 324 1115 379 hoc,
1141 322 1261 383 quod
1289 336 1479 381 persona

58 414 169 457 quae
203 412 355 442 curam
380 399 715 441 communitatis
741 397 872 441 habet
896 398 951 440 sit
972 413 1087 440 unus
1112 396 1250 439 horno
1269 394 1338 438 vel
1362 409 1481 437 unus

61 470 300 514 hominum
336 482 505 524 coetUS‚
540 485 673 527 quam
708 486 759 513 ex
793 470 876 512 hoc
910 469 1011 525 alio,
1045 467 1165 526 quod
1199 482 1388 525 persona
1413 465 1483 509 illa

61 542 175 602 (sive
194 557 310 585 unus
330 541 469 584 homo
489 542 544 585 sit
568 543 658 585 sive
683 558 797 585 unus
822 541 1062 584 hominum
1086 540 1262 598 coetus)
1276 540 1331 582 sit
1357 537 1486 593 bona,

59 616 86 658 i.
122 630 158 657 e.
192 613 388 671 prudens
411 614 527 656 iusta
553 626 805 671 temperans
831 629 877 656 ac
901 613 1052 656 fortis:
1091 612 1211 670 quod
1236 627 1328 655 non
1353 626 1486 654 suum

62 683 354 729 commodum
388 700 531 743 neque
566 686 700 727 unius
734 684 802 727 vel
838 699 1098 742 paucorum,
1134 682 1209 726 sed
1243 697 1487 725 commune

63 756 235 801 bonum
268 772 419 815 reapse
454 755 678 800 intendat:
715 755 834 814 quod
860 756 1093 813 intelligat,
1129 771 1220 798 non
1240 770 1369 812 posse
1393 769 1488 796 om-

65 829 173 872 nino
186 829 342 887 seponi
362 827 499 871 finem
519 827 661 883 illum,
676 829 751 886 qui
772 844 873 871 cum
894 829 949 870 sit
969 827 1069 870 finis
1086 826 1270 871 ultimus
1291 825 1487 868 hominis

67 915 306 957 rerumque
339 900 562 955 omnium,
597 912 661 942 est
695 900 828 942 etiam
855 898 954 942 finis
980 898 1164 941 ultimus
1185 898 1323 954 ipsius
1349 895 1488 939 civilis

65 971 411 1015 consociationis
446 969 543 1029 (1):
579 968 699 1028 quod
734 971 778 1013 in
814 968 1056 1012 condendis
1102 966 1272 1025 legibus
1317 979 1489 1023 tempo-

67 1042 230 1088 ralibus
268 1061 288 1083 «
324 1042 446 1086 illam
479 1044 621 1100 ipsam
655 1041 858 1084 consulat
892 1054 1134 1091 aeternam,
1169 1040 1219 1082 de
1255 1055 1345 1097 qua
1380 1038 1487 1081 nulli

67 1115 239 1158 animae
272 1113 464 1157 iudicare
499 1112 651 1156 datum
687 1125 766 1168 est,
802 1126 848 1155 ut
892 1110 1138 1154 secundum
1182 1111 1275 1152 eius
1321 1110 1489 1151 incom-

56 1185 302 1229 mutabiles
337 1185 512 1243 regulas
547 1183 653 1242 quid
689 1185 743 1227 sit
778 1200 858 1241 pro
893 1196 1095 1239 tempore
1130 1179 1381 1224 iubendum
1420 1196 1491 1222 ve-

69 1257 310 1301 tandumve
344 1256 564 1299 discernat
597 1255 713 1314 (2)»:
750 1254 870 1312 quod
906 1255 949 1296 in
985 1254 1158 1295 civitate
1204 1250 1492 1308 gubernanda

71 1329 153 1373 sibi
186 1342 418 1387 tamquam
453 1328 708 1386 exemplum
744 1339 963 1384 proponat
1012 1340 1278 1382 supremum
1329 1322 1488 1365 mundi

70 1401 419 1460 gubernatorem
453 1402 618 1456 Deum,
638 1401 709 1444 cui
735 1399 1062 1442 severissimam
1097 1395 1335 1454 aliquando
1361 1396 1492 1438 ratio-

72 1489 175 1517 nem
210 1471 376 1517 reddet.

161 1547 224 1588 Ex
258 1545 324 1588 his
359 1543 559 1601 profecto
597 1543 769 1586 bonitas
805 1541 1009 1598 gubernii
1045 1538 1276 1596 dependet.
1306 1540 1422 1580 Haec
1458 1539 1493 1579 si

73 1617 232 1673 adsint,
252 1615 555 1675 quodcunque
575 1614 754 1659 tandem
779 1615 833 1656 sit
854 1612 1059 1669 gubernii
1079 1627 1219 1669 genus
1244 1627 1319 1653 seu
1336 1609 1493 1664 forma,

76 1687 175 1732 finis
210 1687 436 1731 cumulate
472 1685 747 1731 obtinebitur
782 1684 867 1744 (3).

147 1922 204 1967 (1)
233 1934 249 1953 (r
282 1921 438 1957 Civilem
465 1922 688 1959 societatem,
720 1920 902 1954 communi
942 1917 1081 1951 utilitati
1120 1927 1252 1958 natam,
1292 1917 1327 1950 in
1365 1916 1496 1950 tuenda

79 1983 316 2028 prosperitate
366 1981 580 2027 reipublicae
607 1992 756 2015 necesse
785 1988 838 2012 est
864 1979 912 2011 sic
939 1976 1125 2011 consulere
1157 1976 1302 2017 civibus,
1342 1984 1378 2009 ut
1405 1975 1498 2009 obti-

77 2041 197 2076 nendo
225 2041 533 2087 adipiscendoque
560 2053 702 2074 summo
731 2039 778 2073 illi
808 2048 911 2083 atque
944 2036 1226 2070 incommutabili
1265 2036 1361 2068 bono
1402 2034 1496 2079 quod

79 2110 206 2147 sponte
234 2110 415 2147 appetunt,
448 2113 521 2135 non
550 2100 660 2134 modo
688 2099 773 2133 nihil
803 2100 971 2143 importet
999 2108 1168 2141 uniquam
1188 2095 1418 2135 incommodi,
1436 2094 1496 2127 sed

79 2171 205 2195 ornnes
234 2172 483 2206 quascumque
512 2161 626 2205 possit
655 2159 938 2203 opportunitates
967 2157 1100 2190 afferat.
1129 2156 1214 2188 »Ita
1243 2155 1315 2187 Leo
1334 2154 1429 2187 XIII.
1464 2154 1497 2185 in

82 2221 183 2265 epist.
210 2221 266 2255 cit.
288 2240 330 2245 —
349 2221 392 2254 Et
411 2232 473 2265 per
500 2219 588 2253 haec
617 2218 874 2252 confirmantur
902 2228 953 2255 ea,
982 2228 1072 2261 quae
1093 2215 1135 2248 de
1156 2214 1226 2248 sine
1246 2213 1370 2247 ultimo
1390 2213 1499 2247 socie-

52 2315 55 2318 ,
81 2279 161 2314 tatis
190 2279 305 2313 civilis
334 2280 500 2313 diximus.

151 2338 208 2382 (2)
237 2338 310 2372 Lib.
345 2349 374 2372 1.
403 2338 446 2371 de
473 2349 556 2371 verat
584 2336 683 2378 relig.
711 2348 786 2380 cap.
816 2346 870 2369 21.

155 2397 211 2441 (3)
238 2398 332 2431 Vide
360 2409 450 2442 quae
478 2398 571 2430 idem
602 2408 762 2429 summus
791 2393 955 2428 Pontifex
984 2394 1100 2427 statim
1129 2393 1244 2426 subdit
1275 2400 1354 2437 post
1393 2391 1498 2425 verba

83 2456 117 2489 in
145 2456 249 2501 priori
281 2455 425 2490 theseos
453 2456 556 2490 huius
585 2464 681 2500 parte
711 2454 824 2488 «illata.
