1705 2787
689 104 752 114 -·-—
792 91 869 138 127
907 105 960 114 —a

235 186 281 248 b)
313 188 491 232 Praeter
523 189 619 231 iura
662 189 845 246 socialia,
899 205 1010 248 quae
1054 206 1105 233 ex
1148 189 1263 233 facto
1317 186 1540 232 societatis

117 259 316 318 publicae
349 272 634 318 enascuntur,
668 262 809 305 multa
841 262 922 305 alia
956 274 1059 305 sunt
1092 264 1203 319 iura,
1248 277 1358 320 quae
1393 261 1541 304 Status

118 332 256 375 civilis
291 333 615 389 praesupponit
649 348 725 375 seu
761 332 969 376 subaudit
1003 335 1090 376 iam
1125 334 1370 376 existentia:
1399 331 1540 395 muita

117 404 198 446 alia
231 415 336 447 sunt
369 404 480 460 iura,
504 419 610 446 mere
631 405 923 461 individualia,
948 406 1177 462 domestica,
1196 405 1404 462 religiosa,
1424 419 1535 461 quae

117 490 208 517 non
242 474 551 518 conceduntur
586 491 664 518 nec
699 474 927 519 dimanant
961 492 983 519 a
1016 477 1111 534 lege
1131 477 1260 533 civili,
1280 475 1355 519 sed
1381 474 1544 518 habent

58 547 60 549 ’
117 546 323 589 altiorem
357 547 579 603 originem
614 558 655 588 et
690 562 711 588 a
745 549 954 590 societate
980 548 1095 591 civili
1120 563 1304 605 prorsus
1328 546 1540 604 indepen-

117 616 297 661 dentem
315 616 401 676 (1).
438 617 566 660 Circa
600 616 861 661 huiusmodi
894 620 988 662 iura
1008 621 1212 677 princeps
1233 619 1372 662 civilis
1397 630 1543 676 potest

116 705 164 732 ac
188 688 316 732 debet
340 688 445 731 haec
480 688 568 732 duo
588 701 821 746 praestare:
839 717 891 721 -—
911 706 958 733 ea
977 690 1106 734 debet
1129 690 1300 748 legibus
1321 691 1411 733 suis
1428 691 1544 733 tueri

117 773 248 818 atque
267 760 546 804 adiuvare1—
571 760 814 819 eademque
835 760 963 804 debet
983 761 1153 819 legibus
1173 763 1263 805 suis
1280 761 1542 805 coordinare

117 831 169 876 ad
204 832 375 875 bonum
409 847 652 875 eommune
671 831 758 891 (2).
794 832 877 876 Sed
913 849 960 876 ea
994 849 1085 877 non
1112 846 1258 891 potest
1277 833 1441 876 directe
1460 834 1544 875 im-

117 916 265 962 petere
299 916 374 947 aut
409 903 492 948 sibi
526 919 754 962 usurpare.

234 975 276 1034 c)
309 976 511 1018 Iamvero
546 976 660 1017 inter
696 974 800 1017 haec
836 976 944 1031 iura,
980 991 1089 1033 quae
1125 976 1329 1018 altiorem
1379 975 1543 1018 habent

120 1048 343 1105 originem
378 1060 420 1090 et
453 1063 475 1089 a
510 1048 604 1104 lege
659 1047 775 1090 civili
824 1047 1216 1104 independentem‚
1272 1047 1542 1091 recensenda

118 1131 182 1161 est
217 1119 370 1176 patria,
406 1117 457 1161 de
492 1134 577 1176 qua
612 1118 691 1160 hac
724 1119 769 1160 in
805 1118 919 1161 thesi
953 1120 1143 1175 agimus,
1188 1131 1398 1176 potestaS.
1434 1119 1542 1161 Eam

117 1190 253 1245 enim,
288 1201 336 1232 ut
370 1187 794 1245 demonstravimus,
830 1188 897 1231 lex
930 1189 1022 1245 ipsa
1043 1189 1255 1232 naturalis
1282 1189 1445 1232 directe
1471 1205 1543 1247 pa-

117 1258 317 1302 rentibus
357 1259 558 1316 largitur,
593 1272 919 1317 consequenter
955 1259 1006 1302 ad
1040 1258 1205 1303 factum
1241 1262 1541 1318 generationis

117 1341 248 1388 atque
282 1329 335 1373 ad
369 1329 567 1373 officium
602 1329 722 1387 quod
756 1329 909 1372 eadem
944 1330 1011 1372 lex
1036 1332 1140 1387 ipsis
1161 1330 1324 1373 directe
1345 1333 1540 1388 imponit

116 1400 332 1445 educandi
365 1400 494 1444 filios.
531 1402 683 1454 Quare
717 1402 920 1458 princeps
972 1402 1109 1444 civilis
1162 1418 1252 1445 non
1288 1415 1434 1459 potest
1470 1403 1538 1446 vel

116 1488 167 1516 ex
200 1484 296 1515 toto
330 1472 399 1515 vel
433 1484 639 1530 ex'parte
673 1471 917 1515 illiusmodi
968 1473 1033 1515 ius
1089 1472 1171 1515 sibi
1207 1473 1370 1516 directe
1408 1490 1536 1517 usui·-

116 1560 232 1602 pare.
268 1571 321 1576 —
356 1545 460 1588 Non
495 1557 656 1602 potest,
691 1546 889 1602 inquam,
915 1544 992 1586 sihi
1015 1545 1158 1587 directe
1184 1554 1400 1602 usurpare.
1427 1547 1542 1589 Nam

117 1616 312 1674 publicas
347 1617 515 1674 aperire
550 1616 723 1659 scholas
758 1632 869 1674 quae
919 1617 1006 1658 sint
1061 1631 1210 1673 reapse
1256 1618 1354 1673 puri
1388 1616 1537 1660 fontes·

51 1687 53 1689 ¹
116 1689 208 1732 veri
242 1688 524 1747 honestique,
542 1688 776 1746 providere
801 1688 955 1731 doctos
977 1686 1277 1745 probatosque
1304 1690 1541 1745 magistros

117 1774 312 1816 quorum
344 1760 619 1802 institutioni
654 1771 857 1816 parentes
892 1774 996 1801 suos
1047 1757 1161 1800 filios
1196 1771 1294 1800 tuto
1334 1760 1542 1802 commit-

117 1841 225 1885 tant,
260 1828 403 1887 (nulla
437 1842 586 1872 tamen
621 1831 665 1872 in
706 1841 908 1887 parentes
944 1828 1153 1870 violentia
1197 1828 1405 1885 adhibita,
1455 1846 1541 1887 qua

117 1912 335 1958 cogantur
370 1900 421 1944 ad
455 1916 525 1943 eas
561 1916 788 1944 recurrere
837 1900 1026 1955 scholas,
1080 1900 1131 1941 iis
1178 1901 1243 1942 uti
1278 1901 1541 1959 magistris),

118 1970 417 2014 determinare
451 1983 624 2014 certum
659 1970 887 2014 doctrinae
922 1969 1110 2032 gradum
1145 1968 1196 2012 ad
1231 1969 1407 2027 publica
1441 1986 1539 2013 mu-

118 2057 223 2085 nera
257 2041 513 2100 obtinenda,
548 2043 652 2086 haec
687 2043 857 2099 aliaque
892 2041 933 2085 id
968 2059 1109 2099 genus
1147 2042 1255 2084 bene
1276 2042 1541 2098 multa‚non

119 2127 225 2158 sunt
259 2114 422 2158 directa
458 2117 688 2173 usurpatio
723 2127 795 2158 aut
832 2116 965 2158 laesio
1000 2116 1162 2171 patriae
1199 2115 1314 2158 illius
1350 2127 1542 2172 potesta-

121 2187 193 2243 tis,
228 2187 302 2230 sed
337 2200 442 2230 sunt
476 2187 787 2231 adiumentum
835 2200 908 2229 aut
960 2187 1300 2229 incitamentum
1336 2186 1386 2229 ad
1422 2187 1541 2230 illam

187 2419 243 2467 (1)
272 2420 326 2456 Cf.
356 2434 471 2467 super.
498 2423 590 2457 thes.
618 2422 709 2456 XLI.
738 2434 816 2467 pag.
845 2423 902 2465 48.

188 2481 244 2526 (2)
273 2481 328 2517 Cf.
356 2494 471 2527 super.
501 2482 572 2515 vol.
604 2483 642 2515 ΙΙ.
671 2482 761 2516 thes.
790 2483 920 2519 XXIX.
948 2495 1026 2528 pag.
1058 2494 1135 2529 321⁴⁸
