1705 2787
662 53 922 110 *185*

82 161 256 207 iniuriis
290 174 390 206 turn
442 162 733 206 inimicorum
783 175 882 206 tum
929 163 1145 219 hostium,
1193 159 1505 219 plenissimam

80 235 194 279 vitae
228 232 556 287 sufficientiam3
590 235 851 291 praesertim
873 248 980 278 vero
1004 232 1109 278 dicit
1131 231 1503 291 independemiam‚

85 307 129 349 in
164 321 216 348 eo
250 306 398 362 sitam,
432 304 553 363 quod
586 317 726 349 status
780 305 934 349 multis
968 304 1149 364 quidem
1182 316 1358 348 constet
1391 303 1500 347 vicis

86 375 339 421 civitatibus
374 376 614 434 provinciis
664 389 893 434 tamquam
928 375 1142 420 membris
1176 391 1253 419 seu
1288 373 1503 434 partibuS,

84 448 316 506 ipse'vero
350 461 443 489 non
477 447 533 489 sit
567 445 825 489 membrum
873 459 950 490 aut
998 462 1095 504 pars
1139 446 1308 489 altioris
1360 443 1503 488 civilis

84 518 433 562 consociationis
453 516 541 577 (1).
566 517 630 560 Ex
648 533 738 575 quo
765 517 827 574 sit,
849 531 895 561 ut
929 518 1057 561 aliam
1093 531 1135 561 et
1158 518 1289 561 aliam
1314 528 1505 575 potesta·

82 602 174 634 tem
207 588 399 633 habeant
433 591 627 632 rectores
661 588 943 645 singularum
978 590 1209 633 eivitatnm
1233 588 1302 633 vel
1324 589 1504 646 provin—

84 662 274 716 ciarum,
308 671 350 703 et
384 660 524 703 totius
558 671 701 702 status
735 658 1005 704 moderator:
1039 659 1102 703 illi
1136 659 1302 702 scilicet
1337 658 1503 702 habent

84 724 351 790 potestatem
371 745 421 773 su
431 728 710 773 bordinatam
734 741 776 772 et
796 728 1138 787 dependentem,
1158 730 1228 773 hic
1247 744 1506 787 supremam

83 813 125 843 et
158 799 549 859 independentem.

170 873 290 916 Haec
323 884 475 916 autem
517 870 835 916 animadverte.
885 871 1249 930 independentia,
1298 886 1411 930 quae
1446 869 1498 915 ad

55 956 250 987 statum
292 945 549 1002 requiritur,
598 942 727 987 debet
776 959 870 986 esse
920 958 1010 986 non
1046 942 1335 987 solummodo
1380 943 1500 1002 sacti,

81 1015 157 1059 sed
190 1017 324 1059 etiam
357 1017 478 1059 iuris.
512 1016 606 1060 Nec
640 1028 790 1058 tamen
825 1014 1046 1073 quaelibet
1081 1016 1188 1058 iuris
1204 1014 1501 1073 dependentia

81 1087 224 1132 aufert
257 1089 477 1132 rationem
513 1099 667 1131 status,
702 1087 816 1130 Sunt
850 1088 970 1130 enim
1005 1099 1144 1130 status
1178 1086 1401 1143 tributarii,
1424 1087 1500 1145 qui

82 1173 174 1201 non
209 1156 375 1201 idcirco
409 1157 620 1202 desinunt
654 1172 749 1200 esse
783 1169 937 1201 status:
994 1151 1047 1200 eo
1096 1169 1239 1215 pactO,
1273 1172 1364 1215 quo
1398 1157 1496 1215 quis

82 1245 173 1273 non
207 1229 369 1273 desinit
403 1245 496 1272 esse
531 1228 657 1282 liber,
693 1244 744 1272 eo
779 1229 899 1287 quod
938 1230 994 1272 sit
1028 1245 1125 1272 aere
1159 1229 1304 1272 alieno
1350 1244 1502 1286 grava·

82 1314 168 1346 tus,
202 1302 441 1346 Rationem
473 1302 611 1358 igitur
645 1312 785 1344 status
819 1299 960 1344 aufert
984 1300 1279 1359 dependentia
1303 1302 1427 1357 iuris,
1447 1299 1500 1344 ad

82 1373 199 1431 leges
233 1372 354 1431 quod
386 1385 566 1431 spectat:
602 1371 819 1429 videlicet,
854 1373 890 1415 si
923 1387 1009 1430 qua
1042 1372 1181 1415 civilis
1216 1374 1402 1416 societas
1444 1372 1503 1415 le-

81 1459 156 1501 ges
191 1444 373 1501 accipiat
406 1443 458 1486 ab
492 1443 594 1500 alio,
627 1444 663 1486 si
697 1443 816 1500 leges
840 1458 947 1500 quas
982 1441 1065 1486 fert
1100 1458 1191 1487 non
1226 1442 1415 1486 habeant
1449 1459 1503 1486 ex

81 1530 126 1558 se
160 1516 251 1560 vim
284 1514 525 1572 obligandi,
559 1514 634 1558 sed
669 1513 1013 1557 confirmatione
1048 1514 1277 1571 indigeant
1299 1529 1504 1572 expressa

80 1587 150 1631 vel
182 1587 313 1630 tacita
346 1587 542 1630 alterius.
577 1585 625 1630 Id
659 1587 779 1629 enim
813 1585 990 1642 indicat,
1027 1586 1203 1628 civilem
1227 1601 1325 1628 eam
1360 1587 1502 1629 socie-

83 1670 221 1702 tatem
245 1672 338 1699 esse
362 1656 620 1700 membrum
644 1656 829 1699 alicuius
855 1657 1054 1713 corporis
1080 1655 1263 1712 politici,
1288 1670 1385 1700 esse
1408 1671 1506 1714 par-

84 1742 175 1773 tem
208 1741 365 1786 StatUS,
398 1743 490 1772 non
525 1729 702 1787 propr-ie
736 1740 918 1771 statum.

178 1855 235 1901 (1)
267 1867 282 1886 a
310 1856 465 1890 Comme
494 1854 526 1890 la
552 1864 680 1889 nature
710 1866 728 1888 a
756 1854 876 1888 donnc-
904 1853 965 1887 des
993 1862 1126 1887 termes
1155 1856 1173 1888 a
1202 1853 1233 1888 la
1262 1862 1397 1889 stature
1424 1854 1508 1889 d’un

84 1914 236 1950 homme
263 1916 345 1950 bien
372 1915 571 1958 conforme,
599 1916 705 1960 pass(-
733 1913 888 1959 lesquels
928 1912 994 1946 elle
1034 1925 1076 1947 nc
1118 1913 1179 1948 fait
1218 1914 1296 1959 plus
1335 1926 1403 1960 que
1444 1915 1507 1950 des

85 1978 211 2021 geants
239 1988 286 2010 ou
314 1976 377 2010 des
404 1977 520 2018 nains,
548 1976 571 2009 il
597 1989 619 2022 y
637 1974 673 2010 ‘a
712 1976 754 2009 de
795 1975 925 2013 meme,
966 1986 1008 2006 cu
1051 1974 1159 2018 &gard
1188 1976 1207 2007 a
1246 1973 1279 2008 la
1318 1974 1506 2009 meilleure

84 2036 324 2071 constitution
353 2036 436 2070 d'un
464 2037 548 2077 etat,
578 2036 640 2069 des
670 2036 799 2068 borncs
828 2037 844 2068 a
873 2033 1051 2068 l'etendue
1079 2035 1135 2078 qu'
1154 2033 1177 2066 il
1205 2043 1290 2078 peut
1310 2035 1419 2077 avoir,
1437 2035 1508 2070 asin

85 2108 103 2142 q
115 2097 148 2130 u'
175 2096 198 2130 il
226 2107 270 2132 nc
298 2096 368 2130 soit
395 2096 428 2130 ni
457 2105 536 2140 trop
565 2095 676 2140 grand
706 2105 796 2139 pour
823 2094 975 2138 pouvoir
1010 2094 1083 2128 etse
1122 2094 1203 2127 bien
1238 2095 1434 2139 gouverne,
1474 2096 1507 2129 ni

84 2165 163 2201 trop
191 2156 278 2202 petit
305 2167 396 2201 pour
423 2155 575 2201 pouvoir
591 2166 629 2188 se
656 2154 848 2188 maintenir
875 2165 937 2198 par
964 2152 1166 2189 lui-meme.
1186 2153 1213 2187 Il
1239 2166 1262 2201 y
1280 2166 1298 2189 a
1325 2154 1413 2189 dans
1431 2164 1509 2189 tout

84 2229 187 2263 corps
215 2217 390 2263 polirique
417 2229 464 2251 un
493 2217 678 2250 maximam
712 2216 755 2249 de
783 2214 879 2247 force
920 2214 977 2258 qu’
1006 2213 1028 2246 il
1068 2225 1110 2247 nc
1141 2215 1273 2249 saurait
1313 2226 1446 2259 passer,
1475 2225 1508 2249 et

85 2277 215 2323 duquel
243 2286 399 2311 souvent
426 2275 449 2309 il
477 2275 652 2319 s'eloigne
672 2278 690 2308 ἐι
707 2274 803 2308 soree
832 2274 875 2306 dc
904 2273 1113 2318 s‘agrandir.
1142 2273 1223 2308 Plus
1240 2273 1271 2308 le
1300 2273 1370 2307 lien
1396 2273 1507 2309 social

85 2337 234 2378 s'etentL
263 2336 341 2382 plus
369 2336 391 2369 il
419 2347 456 2370 se
484 2335 639 2376 relalche;
667 2344 702 2368 et
730 2345 773 2367 en
800 2332 945 2378 general
974 2344 1020 2366 un
1047 2333 1135 2377 petit
1164 2333 1236 2368 etat
1271 2342 1324 2368 est
1364 2345 1509 2380 propor-

83 2396 335 2434 tionellement
361 2396 439 2441 plus
466 2395 534 2429 fort
562 2396 619 2440 qu'
647 2406 695 2428 un
738 2394 862 2439 grand.
891 2406 907 2425 υ
949 2392 1000 2427 Ita
1041 2392 1241 2433 Rousseau,
1281 2403 1394 2428 contr.
1435 2405 1509 2435 soc,

85 2457 106 2492 l.
136 2457 175 2492 11.
204 2457 257 2491 ch.
287 2469 330 2503 9.:
359 2457 457 2490 cuius
485 2455 693 2489 assertionis
720 2454 800 2499 lege
828 2453 946 2498 plures
975 2464 1061 2498 quas
1090 2454 1192 2488 affert
1219 2454 1388 2488 rationes.
