1705 2787
775 92 1003 135 -72—

184 205 356 241 eorum,
392 187 552 246 quibus
586 187 810 244 indigetur
844 186 895 229 ad
929 187 1064 229 vitam
1098 185 1354 242 humanam,
1389 185 1605 244 quaedam

185 277 315 319 opera
342 273 445 304 sunt
470 260 767 316 competentia
793 259 910 307 viris,
935 257 1149 315 quaedam
1176 257 1449 301 mulieribus,
1476 256 1605 300 Unde

186 344 341 374 natura
376 343 540 384 movet,
566 342 612 372 ut
647 330 701 371 sit
735 327 950 386 quaedam
983 329 1216 370 associatio
1248 329 1327 371 viri
1363 327 1414 370 ad
1449 327 1604 370 mulie-

186 418 294 451 rem,
320 403 362 444 in
398 417 481 459 qua
519 413 582 442 est
608 400 962 442 matrimonium.
989 399 1042 442 Et
1077 399 1152 441 has
1176 398 1281 442 duas
1307 414 1456 442 causas
1479 399 1605 456 ponit

185 472 486 529 Philosophus
521 471 650 528 (1).»

302 543 352 585 ΙΙ.
388 543 491 585 Non
531 542 696 596 omnia7
731 540 781 584 ad
821 555 930 598 quae
974 552 1129 583 natura
1174 540 1370 595 inclinat,
1405 554 1604 598 quaeque

185 614 370 672 proinde
405 614 566 655 merito
601 611 809 655 dicuntur
856 612 1084 668 naturalia,
1119 624 1222 654 sunt
1257 613 1389 654 etiam
1424 624 1604 654 naturae

185 685 278 740 lege
317 695 558 740 praecepta.
594 683 710 724 Hinc
734 683 875 724 oritur
910 683 1125 739 quaestio,
1161 693 1312 724 utrum
1352 694 1508 724 natura
1542 681 1602 724 ita

186 755 365 798 inclinet
399 753 450 796 ad
485 753 761 809 coniugium,
782 765 829 795 ut
863 753 1063 810 imponat
1098 753 1274 809 proprie
1309 752 1469 795 dictam
1495 751 1605 795 obli-

185 826 410 882 gationem
446 826 591 882 ipsum
617 823 907 867 contrahendi
932 836 1006 867 aut
1040 823 1341 881 procurandae
1375 824 1524 882 prolis,
1551 851 1603 854 —

185 898 308 941 Hanc
343 898 650 956 quaestionem
675 895 791 940 idem
825 896 1048 953 angelicus
1074 895 1228 940 doctor
1263 895 1335 955 (2)
1359 897 1419 939 sic
1444 895 1602 940 solvit:

255 1106 310 1150 (1)
330 1106 365 1140 L.
386 1105 442 1139 cit.
461 1105 665 1147 ’Ἀνθρωπος
678 1106 746 1147 γὰρ
772 1108 813 1147 τῇ
841 1107 937 1147 3:533:
964 1108 1207 1138 συνῧοεωτικὸν
1227 1107 1359 1147 μᾶλλον
1378 1107 1398 1147 ἢ
1414 1107 1603 1148 πολιτικὸν,

186 1169 258 1208 ὅσῳ
286 1168 453 1208 πρότερον
480 1168 541 1198 καὶ
570 1167 846 1207 ἀναγκαιότερον
874 1168 968 1198 οἰκία
993 1167 1138 1205 πόλεως,
1159 1169 1220 1198 καὶ
1236 1169 1437 1198 τεκνοποιία.
1454 1168 1607 1199 κοινότε-

187 1239 245 1269 ρον
272 1231 343 1265 τοῖς
372 1227 482 1267 &2302ss-
511 1227 591 1264 Tot:
617 1227 677 1266 μὲν
704 1222 762 1257 οὖν
790 1226 910 1264 ἄλλως
937 1228 991 1258 ἐπὶ
1018 1229 1183 1258 τοσοῦτον
1209 1227 1229 1267 ὴ
1258 1228 1421 1258 κοινωνίαι
1448 1228 1548 1265 ἐστίν,
1577 1228 1609 1258 οἱ

186 1286 390 1326 ’δᾶὶνθρωποι
417 1285 456 1316 οὐ
485 1285 588 1325 μὸνον
615 1287 674 1325 τῆς
700 1287 919 1323 τεκνοποιίας
956 1285 1056 1326 χάριν
1083 1288 1307 1319 &wernonem
1337 1285 1428 1317 ἀλλὰ
1455 1286 1517 1316 καὶ
1542 1287 1609 1316 τῶν

186 1347 234 1383 εἰς
259 1346 318 1376 τὸν
345 1344 426 1385 βίον“
454 1344 549 1382 εῦθῦς
575 1344 642 1385 γὰρ
669 1344 827 1385 διῄρηται
864 1345 907 1375 τὰ
933 1345 1030 1385 ἔργα,
1057 1345 1118 1375 καὶ
1146 1345 1235 1376 ἐστιν
1265 1346 1367 1385 ἕτεροι
1394 1345 1517 1385 ἀνδρὸς
1543 1345 1605 1375 καὶ

184 1403 360 1447 γ’)ναικὸς”
387 1405 596 1444 ἐπαρκοῦσιν
623 1400 681 1435 οὖν
710 1404 886 1444 ἀλλήλοις,
914 1405 961 1441 εἰς
980 1404 1019 1435 τὸ
1046 1404 1163 1435 κοινὸν
1189 1404 1335 1443 τιθέντες
1360 1405 1403 1436 τὰ
1427 1405 1512 1437 ἳδια.
1538 1404 1605 1435 Arda

185 1468 294 1497 ταῦτα
321 1465 359 1496 δὲ
385 1465 446 1495 καὶ
471 1464 511 1494 τὸ
538 1463 704 1504 χρήσιμον
745 1461 832 1495 εἶναι
858 1465 957 1495 δοκεῖ
988 1465 1050 1495 καὶ
1075 1465 1115 1495 τὸ
1141 1465 1204 1505 ἠδ’)
1231 1466 1266 1496 ἐν
1293 1465 1399 1505 τεὼ-,η
1427 1466 1467 1504 τῇ
1496 1464 1605 1505 φιλίᾳ.

187 1524 308 1557 Homo
338 1521 434 1555 enim
461 1521 576 1565 magis
604 1520 647 1555 ad
675 1521 882 1567 coniugium
910 1520 1021 1555 factus
1049 1530 1102 1556 est
1130 1533 1149 1555 a
1175 1531 1311 1564 natura,
1340 1534 1446 1567 quam
1474 1522 1517 1556 ad
1544 1534 1604 1556 so-

188 1582 356 1616 cietatem
384 1579 548 1613 civilem:
577 1588 610 1613 et
630 1588 728 1614 tanto
750 1580 893 1625 quidem
914 1581 1040 1625 magis,
1069 1590 1201 1626 quanto
1220 1581 1316 1625 prior
1341 1581 1527 1626 magisque
1546 1593 1606 1615 ne-

188 1641 341 1675 cessaria
362 1649 415 1674 est
435 1640 563 1673 domus
583 1651 689 1685 quam
710 1639 843 1682 civitas,
865 1649 1070 1686 quantoque
1091 1640 1245 1674 filiorum
1272 1640 1473 1685 procreatio
1505 1640 1603 1674 omni

188 1700 423 1735 animantium
444 1700 566 1745 generi
594 1699 821 1733 communior
840 1708 904 1734 est.
924 1700 1041 1745 Atque
1070 1701 1104 1733 in
1132 1700 1257 1734 ceteris
1273 1699 1416 1744 quidem
1431 1699 1604 1733 hactenus

187 1759 415 1806 progreditur
437 1758 688 1800 communitas,
708 1758 803 1803 quod
820 1759 1078 1803 procreationis
1105 1771 1212 1793 causa
1239 1759 1524 1803 coniunguntur:
1543 1758 1606 1792 ho—

189 1820 303 1853 mines
324 1827 444 1853 autem
463 1829 536 1852 non
559 1817 675 1852 solum
697 1817 739 1851 ad
756 1817 999 1862 procreandos
1018 1817 1149 1852 liberos
1168 1818 1350 1852 communi
1369 1818 1479 1851 domo
1497 1826 1603 1851 utun-

188 1888 253 1921 tur,
282 1879 345 1912 sed
373 1879 481 1912 etiam
500 1887 538 1912 ut
566 1889 702 1919 eorum,
724 1888 814 1922 quae
842 1877 885 1910 ad
902 1877 1013 1911 vitam
1038 1878 1228 1922 pertinent,
1248 1877 1423 1910 maiorem
1450 1877 1604 1911 habeant

190 1936 405 1972 facultatem.
427 1937 556 1971 Statim
584 1936 680 1970 enirn
699 1936 875 1980 descripta
896 1947 935 1969 ac
956 1935 1067 1969 divisa
1094 1944 1174 1969 sunt
1202 1946 1326 1968 eorum
1346 1935 1474 1977 officia,
1494 1935 1603 1969 aliae-

190 2009 257 2042 que
284 2005 366 2030 sunt
391 1996 467 2037 viri,
496 1995 585 2029 aliae
613 1994 769 2028 mulieris
786 2003 914 2040 partes.
942 1995 1142 2028 Inserviunt
1161 1995 1268 2039 igitur
1295 1993 1382 2028 alter
1410 1993 1520 2037 alteri,
1539 2005 1602 2027 sua

190 2064 338 2099 uterque
367 2055 401 2087 in
419 2065 610 2088 commune
638 2052 864 2087 conserentes
881 2066 887 2086 z
910 2063 1060 2098 eamque
1088 2053 1132 2086 ob
1151 2064 1228 2086 rem
1246 2053 1281 2086 in
1300 2052 1365 2086 hac
1395 2053 1548 2086 amicitia
1567 2060 1602 2086 et

191 2113 321 2148 utilitas
347 2114 466 2147 inesse
492 2113 633 2147 videtur
660 2122 695 2147 et
720 2112 895 2157 voluptas.
912 2132 954 2137 —
971 2113 1015 2146 Et
1040 2123 1102 2157 per
1127 2111 1215 2146 haec
1243 2111 1368 2145 clarius
1395 2110 1602 2155 intelligun-

191 2184 246 2209 tur
273 2186 325 2216 ea,
354 2184 445 2218 quae
473 2184 513 2207 ex
541 2172 757 2207 Bellarmino
785 2172 891 2218 paulo
920 2181 1000 2206 ante
1027 2173 1062 2205 in
1092 2172 1210 2206 adnot.
1239 2171 1433 2206 retulimus.

261 2232 317 2277 (2)
343 2233 379 2267 L.
407 2233 462 2267 cit.
491 2242 552 2267 art.
582 2243 611 2266 2.
638 2253 681 2257 —
711 2232 764 2266 Cf.
793 2233 901 2267 etiam
929 2243 959 2266 2.
990 2243 1019 2266 2.
1047 2244 1078 2277 q.
1110 2243 1184 2276 152.
1211 2245 1240 2266 a.
1268 2243 1298 2266 2.
1327 2232 1369 2266 ad
1392 2236 1468 2266 1.¹¹¹:
1491 2244 1506 2262 a
1525 2232 1602 2266 Du-

191 2293 330 2338 pliciter
357 2291 487 2337 aliquid
516 2301 570 2327 est
596 2292 765 2326 debitum.
792 2293 874 2326 Uno
902 2293 1024 2334 modo,
1045 2301 1082 2326 ut
1101 2291 1287 2337 impleatut
1307 2292 1348 2326 ab
1366 2303 1455 2326 uno:
1477 2300 1512 2326 et
1531 2291 1600 2326 hoc

192 2351 351 2385 debitum
378 2351 454 2384 sine
479 2360 628 2396 peccato
654 2351 838 2396 praeteriri
865 2350 937 2384 'non
956 2359 1084 2395 potest.
1104 2350 1210 2384 Aliud
1231 2359 1350 2384 autem
1371 2359 1424 2385 est
1442 2351 1601 2385 debitum

192 2409 412 2454 implendum
441 2422 459 2443 a
479 2410 723 2444 multitudine:
744 2420 777 2444 et
797 2411 838 2443 ad
859 2409 928 2444 tale
948 2410 1104 2443 debitum
1132 2409 1353 2454 implendum
1367 2422 1439 2443 non
1459 2419 1601 2445 tenetur

193 2468 339 2516 quilibet
365 2468 408 2503 de
435 2468 672 2504 multitudine.
701 2468 812 2504 Multa
840 2469 935 2504 enim
963 2477 1044 2504 sunt
1071 2467 1285 2504 multitudini
1316 2470 1528 2514 necessaria,
1557 2470 1600 2504 ad
