1705 2787
796 70 1056 128 „303-

217 180 429 237 competit
464 178 682 235 superiori
707 176 928 219 societatis
953 173 1241 231 dependentis
1266 185 1307 217 et
1331 173 1628 231 imperfectae,

218 264 264 294 ut
298 263 362 293 cst
397 265 431 292 c.
466 266 505 306 g.
531 261 711 306 paterna
735 247 802 290 vel
828 246 992 301 herilis,
1017 261 1038 288 a
1060 244 1235 288 fortiori
1260 258 1483 303 competet
1507 261 1628 304 prae-

217 321 297 364 sidi
322 321 543 363 societatis
568 316 908 376 independentis
933 328 973 359 et
1000 314 1230 373 perfectae,
1255 316 1394 373 qualis
1419 328 1484 359 est
1507 331 1627 359 com-

217 393 410 436 munitas
446 391 597 433 civilis.
633 392 746 447 Apte
780 405 813 432 s.
849 388 1051 431 Thomas
1086 386 1181 444 (1):
1221 387 1410 430 «Maior
1432 399 1626 444 potestas

217 465 431 506 maiorem
466 461 594 505 debet
629 459 788 503 habere
821 461 1112 502 coactionem.
1148 458 1270 501 Sicut
1303 471 1452 501 autem
1477 460 1627 502 civitas

216 547 280 578 est
315 533 503 591 perfecta
538 533 854 587 communitas,
903 532 959 574 ita
1009 532 1211 588 princeps
1261 531 1448 573 civitatis
1498 530 1628 574 habet

216 604 453 664 perfectam
488 616 753 662 potestatem
787 602 1034 658 coercendi,
1069 613 1110 644 et
1133 601 1232 644 ideo
1256 613 1401 659 potest
1428 601 1628 659 infligere

216 691 379 734 poenas
414 673 734 732 irreparabiles,
769 674 935 716 scilicet
969 673 1205 715 occisionis
1230 672 1298 715 vel
1316 673 1625 716 mutilationis,

216 749 341 791 Pater
376 760 524 789 autem
560 759 602 788 et
637 746 862 801 dominus,
897 746 972 803 qui
1006 757 1215 802 praesunt
1240 744 1429 787 familiae
1454 744 1627 788 domes-

215 822 338 874 ticae,
373 833 484 876 quae
518 830 581 860 est
615 816 871 874 imperfecta
905 817 1220 876 communitam,
1270 814 1433 858 habent
1466 817 1628 873 imper-

215 889 374 933 fectam
409 900 677 946 potestatem
712 887 957 939 coercendi,
1008 886 1254 929 secundum
1304 887 1490 929 leviores
1525 901 1628 944 poe—

215 977 292 1003 nas
326 959 413 1018 (2),
449 974 558 1016 quae
594 974 684 1000 non
720 956 917 1000 inferunt
956 955 1239 1014 irreparabile
1274 967 1636 1000 nocumentum:

217 1044 257 1074 et
292 1028 552 1073 huiusmodi
587 1040 651 1071 est
684 1027 946 1071 verberatio.
975 1046 994 1068 ³>

333 1103 384 1145 H.
420 1102 665 1157 Arguimus
701 1116 752 1143 ex
785 1101 1026 1142 sanctionis
1061 1099 1258 1156 poenalis
1293 1098 1344 1141 ad
1378 1099 1520 1156 legem
1555 1098 1628 1141 ha-

218 1173 432 1217 bitudine.
466 1200 517 1204 ——
544 1173 722 1215 Sanctio
748 1172 944 1228 poenalis
970 1183 1034 1213 est
1059 1171 1195 1214 tutela
1228 1185 1275 1213 ac
1294 1171 1628 1213 munimentum

217 1247 352 1303 legis:
398 1246 591 1302 pertinet
641 1245 777 1300 igitur
812 1243 862 1286 ad
898 1244 1004 1299 legis
1050 1242 1365 1300 perfectionem
1403 1258 1479 1284 seu
1514 1256 1631 1285 com-

217 1318 509 1375 plementum.
544 1316 680 1372 Atqui
717 1315 918 1371 princeps
964 1315 1101 1357 civilis
1137 1315 1203 1356 ius
1249 1312 1378 1355 habet
1412 1312 1632 1356 condendi

218 1388 335 1445 leges
370 1385 583 1444 perfectas
627 1401 673 1428 ac
708 1386 964 1442 completas
1015 1385 1132 1441 Ergo
1181 1386 1249 1427 ius
1285 1383 1415 1426 habet
1463 1382 1631 1427 ferendi

215 1461 347 1517 legeS,
383 1474 544 1516 easque
578 1457 915 1500 communiendi
950 1457 1178 1499 sanctione
1204 1455 1392 1513 poenali.

335 1532 409 1574 ΠΙ.
444 1531 689 1587 Arguimus
724 1545 775 1572 ex
809 1528 998 1571 efficacia
1032 1544 1078 1571 ac
1112 1529 1324 1584 dignitate
1347 1527 1630 1584 gubernatio-

217 1603 283 1645 nis
318 1602 472 1644 civilis.
508 1628 559 1632 ——
598 1601 656 1643 Ut
692 1601 780 1642 iam
814 1615 865 1642 ex
898 1599 1105 1642 Suaresio
1154 1598 1346 1641 diximus
1381 1597 1468 1657 (3),
1505 1615 1524 1638 «
1551 1613 1630 1655 gu-

217 1673 417 1716 bernatio
452 1673 546 1714 sine
590 1683 808 1729 potestate
842 1669 1030 1727 cogendi
1077 1669 1277 1712 inefficax
1325 1681 1390 1711 est
1424 1682 1465 1712 et
1507 1667 1630 1712 facile

215 1744 535 1787 contemnitur.
561 1759 581 1783 >>
608 1743 746 1799 Atqui
781 1741 877 1784 talis
904 1757 996 1783 esse
1035 1742 1188 1798 nequit
1212 1740 1475 1797 gubernatio
1513 1741 1630 1783 illius

216 1814 571 1868 communitatis,
605 1828 738 1869 quam
775 1825 929 1855 natura
963 1812 1158 1854 instituit
1193 1824 1240 1854 ut
1274 1811 1461 1868 perfecta
1496 1811 1552 1854 sit
1586 1824 1629 1854 et
1682 1800 1687 1805 ⁵

214 1886 317 1928 alias
353 1884 508 1927 habeat
543 1884 764 1927 naturales
808 1885 1040 1926 societates
1075 1899 1097 1926 a
1131 1899 1175 1925 se
1209 1885 1254 1926 in
1289 1883 1523 1940 temporali
1556 1899 1626 1926 or-

215 1957 316 2000 dine
351 1956 663 2014 dependentes.
698 1957 816 2012 Ergo
851 1955 1114 2012 gubernatio
1149 1956 1339 2012 politica7
1374 1971 1485 2013 quae
1508 1956 1628 2013 prin-

215 2029 299 2085 cipi
333 2028 449 2070 civili
500 2029 737 2070 commissa
787 2040 866 2083 est,
915 2042 1018 2069 cum
1066 2038 1283 2083 potestate
1332 2025 1520 2083 cogendi
1563 2038 1628 2069 est

213 2100 464 2141 coniuncta.

261 2341 310 2382 (ι)
339 2341 376 2376 In
407 2351 436 2377 2.
467 2351 495 2376 2.
525 2352 556 2387 q.
584 2341 640 2384 ὡς.
669 2353 696 2376 a.
726 2353 756 2376 2.
785 2342 826 2376 ad
855 2351 882 2376 2.

263 2400 313 2444 (2)
343 2397 396 2435 Cf.
424 2410 537 2445 super.
566 2409 646 2445 pag.
677 2409 753 2435 122.
781 2400 900 2436 adnot.
930 2410 961 2436 2.

259 2457 314 2504 (3)
340 2457 431 2494 Vide
459 2468 574 2505 super.
601 2469 679 2505 pag.
699 2470 777 2507 277.
