1705 2787
790 82 1050 124 —350—

211 179 452 221 aliarumve
486 177 629 232 Ipsius
664 175 1004 232 perfectionum.
1041 172 1253 217 Eamdem
1290 173 1468 216 laedunt
1510 173 1622 216 indi-

213 261 327 292 recte
361 259 483 289 actus
519 248 595 301 illi,
616 248 689 304 qui
709 260 813 289 sunt
834 247 1094 289 violationes
1115 244 1285 288 divinae
1306 245 1436 300 legis:
1463 245 1626 287 etenim

213 333 476 376 supremum
502 317 584 360 Dei
608 316 863 359 dominium
887 328 1018 372 atquc
1044 314 1218 357 infinita
1242 315 1384 371 Ipsius
1419 313 1630 356 attributa

211 392 326 433 sicut
360 389 550 446 practice
585 389 865 444 recognoscit
905 387 989 441 illc,
1024 387 1101 443 qui
1135 386 1328 429 divinam
1375 385 1518 442 legem
1551 384 1629 427 ob-

210 473 368 515 servat,
401 461 460 502 ita
493 460 683 516 practice
709 471 840 515 negat
864 458 950 513 ille,
976 458 1052 515 qui
1077 455 1278 499 eamdem
1303 456 1451 499 violat.
1476 457 1628 500 Restat

209 533 362 588 igitur,
397 546 526 587 posse
551 545 598 572 :ic
623 529 782 572 debere
808 530 850 571 in
879 529 1087 571 societate
1113 528 1227 570 civili
1251 527 1476 584 prohiberi
1504 539 1627 570 actus

212 603 310 645 illos
345 614 568 656 externos,
603 601 678 658 qui
727 615 989 657 supremum
1038 600 1122 643 Dei
1167 598 1420 641 dominium
1469 598 1627 640 aliasve

210 674 292 717 Dei
327 672 619 730 perfectiones
654 687 856 728 expresse
883 682 1062 726 negant,
1097 682 1172 711 aut
1197 681 1369 726 apertae
1403 680 1509 711 sunt
1533 669 1627 711 vio-

209 746 396 788 lationes
442 759 597 786 eorum
648 742 1050 786 funda‘meiitalium
1099 740 1365 796 officiorum,
1400 755 1509 798 quae
1559 740 1627 783 lex

209 815 422 859 naturalis
457 814 667 857 omnibus
718 813 941 856 evidenter
992 814 1199 869 imponit,
1249 813 1339 854 sive
1376 810 1518 854 officia
1551 811 1624 854 illa

209 889 251 930 in
285 886 440 944 agendo
475 887 720 928 consistant
754 887 843 927 sive
878 887 918 927 in
954 884 1165 927 credendo.
1201 884 1356 941 Neque
1391 884 1511 925 enim
1534 895 1625 925 tan-

209 958 447 1002 tummodo
481 957 671 1014 ligamur
706 957 853 999 officio
878 955 1072 1014 ponendi
1105 956 1174 999 vel
1199 954 1435 998 omittendi
1459 954 1624 1012 aliquas

210 1031 422 1086 actiones,
444 1029 517 1072 sed
541 1028 688 1072 officio
714 1031 845 1072 etiam
870 1027 1189 1084 adstringimur
1212 1026 1477 1070 adhaerendi
1497 1027 1625 1069 certis

209 1100 483 1156 veritatibus,
529 1116 564 1143 e.
608 1117 649 1158 g.
684 1102 828 1143 Deum
876 1116 969 1142 esse
1014 1099 1267 1156 providum,
1313 1110 1624 1140 remunerato-

212 1188 321 1229 rem,
355 1172 447 1216 dari
468 1173 610 1215 *aliam
644 1173 780 1215 vitam
816 1184 916 1229 post
951 1171 1061 1214 hanc
1096 1172 1331 1213 mortalem
1366 1182 1445 1212 etc.

324 1246 500 1302 Agitur,
521 1257 568 1287 ut
582 1245 694 1287 clare
709 1256 841 1301 patet,
860 1243 911 1286 de
932 1242 1101 1285 actibus
1121 1243 1301 1285 externis
1321 1240 1622 1298 prohibendiS,

208 1320 260 1363 de
294 1319 467 1362 actione
511 1326 681 1360 externa
730 1316 989 1359 cohibenda.
1038 1316 1185 1358 Nemo
1234 1326 1382 1357 autem
1433 1312 1624 1370 negabit,

208 1390 431 1449 publicam
479 1389 791 1432 auctoritatem
841 1389 907 1429 ius
944 1386 1104 1428 habere
1156 1385 1374 1442 dirigendi
1423 1397 1623 1428 externas

206 1463 370 1505 civium
404 1462 615 1515 actiones,
650 1475 809 1517 easque
833 1459 868 1501 si
903 1473 1015 1515 opus
1050 1458 1104 1501 sit
1129 1456 1361 1499 coercendi
1385 1458 1429 1499 in
1469 1456 1624 1499 ordine

205 1532 256 1575 ad
292 1531 461 1574 bonum
495 1546 750 1584 commune,
786 1545 840 1572 ne
890 1529 1055 1572 scilicet
1103 1527 1276 1585 publica
1316 1542 1529 1585 supremo
1565 1528 1621 1569 ci-

203 1605 349 1648 vitatis
373 1604 560 1660 principi
584 1604 679 1646 Deo
704 1602 863 1644 iniuria
889 1599 1116 1643 inferatur.
1143 1601 1271 1652 Quae
1295 1599 1620 1642 animadversio

203 1675 317 1718 valet
347 1674 481 1716 etiam
515 1688 595 1730 pro
630 1671 919 1730 sequentibus
954 1670 1171 1727 thesibuS,
1206 1683 1247 1712 et
1283 1670 1338 1713 ob
1373 1670 1527 1712 oculos
1547 1669 1622 1711 ha-

207 1745 347 1790 benda
381 1758 444 1788 est
478 1745 529 1788 ad
562 1744 794 1787 solvendas
833 1743 1126 1786 difficultates,

299 1832 393 1873 199.
429 1816 673 1859 SCHOLION.
709 1817 868 1873 Liquet
904 1830 954 1857 ex
988 1815 1130 1869 dictis,
1165 1813 1270 1871 quid
1305 1813 1542 1856 dicendum
1566 1814 1622 1856 sit

204 1889 252 1945 α)
277 1888 328 1931 de
353 1887 552 1931 libertate
586 1886 873 1944 imprimendi
898 1886 1046 1943 praelo
1071 1901 1116 1928 ac
1141 1884 1397 1941 divulgandi
1422 1885 1621 1941 proprias

205 1960 499 2016 cogitationes
537 1971 613 2001 aut
649 1959 899 2016 opiniones.
934 1959 1038 2001 Non
1073 1972 1120 1999 ea
1153 1955 1335 1998 concedi
1369 1957 1429 1998 sic
1463 1967 1622 2012 potest,

206 2042 254 2072 ut
287 2029 339 2072 ab
381 2031 627 2086 impiorum
681 2027 1098 2085 impugnationibus
1147 2043 1202 2069 ne
1250 2026 1395 2069 divina
1442 2025 1623 2083 quidem

207 2102 413 2143 maiestas
447 2102 504 2143 sit
538 2102 583 2143 in
620 2112 734 2156 tuto,
768 2116 822 2142 ne
867 2100 983 2142 salva
1027 2097 1207 2156 quidem
1256 2099 1343 2140 sint
1391 2098 1624 2154 praecipua

208 2173 365 2228 officia,
400 2189 510 2230 quae
546 2174 615 2216 lex
651 2172 862 2215 naturalis
897 2172 1102 2229 imponit,
1137 2183 1179 2213 et
1212 2186 1406 2228 quorum
1431 2169 1624 2226 comple-

207 2260 287 2287 xus
331 2244 493 2287 dicitur
528 2244 670 2301 religio
704 2244 906 2287 naturalis
941 2243 1027 2301 (Ι).
1062 2243 1184 2285 Talis
1217 2243 1446 2284 concessio
1480 2243 1625 2299 primo

279 2464 332 2507 (1)
358 2464 450 2498 Vide
478 2476 592 2509 super.
619 2464 690 2497 vol.
718 2465 760 2498 Π.
788 2476 867 2509 pag.
897 2475 974 2499 211.
