1705 2787
744 112 823 154 373

190 202 390 260 Utraque
409 203 643 259 sententia,
663 214 711 245 ut
730 203 817 245 iam
841 203 927 244 alio
952 201 1051 245 loco
1076 202 1499 256 demonstravimus,

74 287 138 318 est
170 273 289 317 falsa.
325 275 379 317 Et
412 289 517 317 sane
551 274 711 317 falsum
747 286 812 316 est
845 274 1135 331 principium,
1161 289 1212 316 ex
1237 288 1325 331 quo
1361 273 1505 315 Com--

74 347 297 389 munistae
331 358 540 403 arguunt,
565 347 798 401 nimirum,
823 347 1144 402 proprietatem
1169 346 1385 402 privatam
1405 360 1499 386 esse

74 431 227 461 contra
242 419 754 474 naturae-intentionem,
770 434 845 461 seu
866 433 959 459 esse
976 414 1278 460 latrocinium.
1294 417 1498 473 Itemque

75 486 234 530 falsum
271 498 336 529 est
369 488 656 544 principium,
691 503 742 530 ex
765 503 855 545 quo
893 500 1089 544 arguunt
1114 488 1386 544 Socialistae,
1412 488 1500 544 pri—

76 571 173 602 vata
198 559 363 602 civium
383 557 581 602 dominia
602 560 709 601 oriri
743 575 765 601 a
785 560 963 616 politica
982 561 1246 602 auctoritate
1271 572 1501 617 tamquam

77 646 100 673 a
132 629 271 687 fonte,
305 646 382 673 seu
418 629 471 672 ab
505 631 597 688 ipsa
622 631 861 688 procedere
898 644 1128 689 tamquam
1153 646 1175 672 a
1209 632 1352 688 prima
1371 646 1501 673 causa

79 702 310 746 efficiente.
346 702 430 746 Sed
455 702 506 746 de
527 703 593 745 his
614 700 701 745 ia'm
720 704 806 745 alio
828 704 925 746 loco
951 703 1047 746 fuse
1067 703 1392 760 disputavimus
1413 702 1500 762 (1):

80 789 191 831 opus
224 774 361 830 igitur
397 789 490 816 non
525 786 604 830 est,
638 786 688 816 ut
722 775 767 816 in
801 775 852 817 iis
889 773 1135 817 refutandis
1170 776 1484 817 immoremur.

198 845 251 887 Π.
287 844 407 888 Curn
440 845 607 902 privata
642 846 806 888 civium
831 845 1028 888 dominia
1055 847 1143 888 sint
1167 847 1355 888 omnino
1386 846 1502 888 licita

79 930 127 958 ac
160 931 342 973 prorsus
377 916 609 972 naturalia,
629 918 872 973 quaeritur,
898 917 1111 974 quidnam
1135 919 1338 975 princeps
1364 919 1502 961 civilis

28 998 30 1000 ’
81 989 223 1045 possit
257 988 370 1030 circa
404 1003 452 1030 ea
485 991 738 1045 praestare?
772 989 876 1031 Non
912 1002 1059 1045 potest
1094 1005 1141 1031 ea
1177 989 1341 1032 directe
1366 991 1504 1047 impe-

82 1071 174 1102 tere
208 1072 283 1102 aut
316 1052 496 1116 violare,
531 1059 606 1103 sed
652 1072 796 1117 potest
831 1075 878 1102 ac
914 1060 1042 1103 debet
1097 1061 1171 1119 1.0)
1207 1061 1378 1118 legibus
1413 1063 1502 1104 suis

83 1131 198 1173 tueri
232 1142 274 1172 et
306 1130 527 1186 adiuvare,
562 1132 642 1188 2.⁰)
676 1131 728 1174 ad
765 1130 933 1174 bonum
960 1147 1202 1174 commune
1228 1132 1503 1175 coordinare.

209 1201 290 1260 1.⁰)
323 1202 476 1244 Potest
509 1217 556 1244 ac
591 1201 719 1244 debet
743 1204 847 1244 tucri
882 1203 1165 1259 proprietatis
1190 1204 1257 1245 ius
1284 1220 1337 1245 ne
1362 1204 1504 1246 laeda-

84 1284 172 1330 tur,
207 1272 433 1330 simulque
458 1272 567 1316 illud
581 1273 785 1316 adiutura
811 1287 859 1316 ut
884 1274 1065 1316 liberius
1093 1290 1168 1316 seu
1189 1273 1359 1317 facilius
1385 1291 1504 1318 exer-

85 1357 248 1387 ceatur.
282 1345 455 1388 Natura
474 1346 593 1389 enim
619 1345 774 1388 adhoc
800 1347 1034 1403 praecipue
1059 1347 1256 1389 instituit
1277 1347 1505 1402 politicam

86 1428 368 1473 potestatem,
403 1429 451 1459 ut
484 1417 769 1460 individualia
820 1434 866 1460 ac
911 1418 1154 1461 domestica
1204 1419 1370 1460 civium
1410 1419 1505 1460 iura

85 1488 224 1546 (inter
259 1504 371 1546 quae
406 1490 688 1546 proprietatis
724 1491 790 1532 ius
827 1502 891 1532 est
941 1491 1128 1532 omnino
1179 1505 1508 1532 connumeran-

86 1559 218 1618 dum)
254 1572 432 1603 tueatur
467 1573 508 1603 et
542 1560 734 1604 adiuvet.
770 1562 814 1603 Si
839 1562 975 1617 igitur
996 1563 1218 1619 privatum
1244 1563 1410 1604 civium
1431 1561 1508 1604 do-

34 1636 35 1645 *
87 1632 280 1674 minium
314 1631 450 1675 violet
484 1644 525 1675 et
561 1634 799 1690 opprimat,
835 1649 909 1675 rex
945 1634 1082 1675 civilis
1118 1646 1335 1690 potestate
1371 1633 1453 1675 sibi
1487 1649 1507 1676 a

88 1714 246 1745 natura
279 1718 488 1746 concessa
524 1705 717 1747 maxime
752 1703 973 1746 abutetur.
1021 1730 1073 1735 ——
1122 1702 1344 1761 'Apposite
1399 1704 1509 1746 Tul-

89 1775 172 1818 lius
207 1775 294 1834 (2):
321 1793 341 1816 «
368 1776 417 1818 In
442 1777 598 1833 primis
623 1776 865 1819 videndum
890 1777 972 1818 erit
997 1777 1049 1831 ei,
1085 1778 1160 1833 qui
1186 1776 1509 1833 rempublicam

87 1846 429 1903 administrabit,
464 1860 513 1890 ut
547 1864 683 1891 suum
719 1849 906 1905 quisque
941 1861 1103 1903 teneat,
1139 1864 1282 1905 neque
1308 1848 1358 1890 de
1382 1847 1508 1890 bonis

88 1919 365 1977 privatorum
401 1919 574 1979 publice
609 1919 860 1963 deminutio
901 1920 988 1963 liat.
1021 1939 1039 1960 >›
1079 1921 1131 1962 Et
1156 1921 1288 1977 paulo
1324 1918 1510 1962 inferius

90 1992 260 2049 inquit:
298 1993 440 2044 «Qui
473 2007 518 2034 se
553 1992 789 2049 populares
825 1992 997 2047 volunt,
1034 1991 1089 2033 ob
1125 2007 1311 2048 eamque
1331 2007 1511 2035 causam

89 2075 164 2106 aut
182 2065 400 2121 agrariam
415 2079 510 2107 rem
531 2076 719 2120 tentant,
741 2077 788 2106 ut
810 2080 1088 2121 possessores
1111 2066 1201 2106 §iuis
1222 2063 1401 2106 sedibus
1422 2063 1511 2120 pel-

160 2248 216 2294 (1)
242 2248 462 2284 Recolantur
489 2259 623 2285 attente
650 2249 721 2285 vol.
750 2251 794 2284 11.
824 2251 913 2285 thes.
942 2250 1058 2285 XXV.
1089 2259 1123 2284 et
1150 2251 1282 2285 XXIX.

160 2308 217 2353 (2)
243 2309 299 2344 De
326 2309 465 2357 officiis,
492 2311 534 2344 II.
563 2321 617 2344 21.
646 2330 687 2335 -—
716 2310 829 2344 Paulo
857 2319 936 2355 post
966 2311 1101 2345 subdit:
1131 2323 1145 2340 a
1167 2311 1265 2344 llanc
1294 2310 1338 2343 ob
1367 2320 1512 2343 causam

92 2369 262 2412 maxime,
281 2373 319 2403 ut
333 2381 395 2403 sua
416 2374 574 2412 tenerem,
594 2369 791 2415 respublica
813 2370 1047 2415 civitatesque
1069 2370 1285 2403 constitutae
1307 2379 1398 2404 sunt.
1419 2369 1515 2403 Nam

93 2428 159 2463 etsi
187 2428 276 2464 duce
302 2439 427 2464 natura
455 2431 768 2475 congregabantur
795 2431 974 2471 homines,
995 2440 1115 2465 tamen
1135 2437 1188 2476 sps
1209 2429 1379 2464 custodiae
1401 2441 1513 2463 rarum

93 2500 244 2531 suarum,
273 2491 410 2524 urbium
438 2491 615 2535 praesidia
643 2491 873 2535 quaerebant.
904 2506 919 2523 υ

1475 2570 1517 2603 24
