1705 2787
189 189 365 231 statuta,
399 176 499 233 quia
534 191 556 217 a
590 177 684 218 iure
718 188 900 219 naturae
944 176 1265 233 requirebatur,
1314 176 1389 221 sed
1422 176 1518 222 aliis
1554 178 1606 222 de

190 248 345 299 causis,
380 262 490 303 quae
524 261 603 302 pro
637 245 713 289 illo
747 258 924 289 tantum
959 246 1125 303 populo
1160 246 1377 291 valebant.

278 316 361 358 Sed
396 318 479 358 iam
516 315 567 358 de
597 317 725 359 tertia
759 318 1172 374 coniunctione,per
1197 333 1330 375 quam
1356 319 1608 377 completur

189 400 230 430 et
255 386 480 444 perficitur
516 385 692 442 familia,
717 403 918 445 quaeque
944 388 1039 430 nnio
1072 387 1210 431 herilis
1245 388 1329 431 dici
1370 389 1499 446 solet,
1544 405 1609 432 re-

189 470 271 500 stat
317 456 552 513 agendum.
578 456 641 499 Sit
679 457 817 513 igitur

603 690 639 749 §.
674 691 747 733 ΙΙΙ.
787 691 849 734 De
882 692 1031 734 unione
1054 690 1185 734 herili.

779 848 929 877 THESIS
949 848 1020 877 L11.

190 963 220 1006 I.
259 963 439 1007 Servitus
475 967 554 1006 no'n
588 972 643 1007 est
676 963 828 1016 illicita,
866 967 900 1008 si
926 981 1004 1008 non
1030 965 1242 1008 descendat
1265 966 1307 1008 in
1326 974 1447 1008 totum
1471 966 1599 1009 homi-

304 1051 408 1087 nem,
445 1035 513 1078 sed
549 1036 591 1078 in
625 1051 666 1078 eo
700 1037 903 1091 consistat,
927 1036 1031 1093 qnod
1054 1036 1201 1094 aliquis
1236 1052 1408 1080 snarnm
1442 1038 1602 1080 viriam

306 1123 425 1150 usnm
459 1123 527 1150 sen
551 1108 687 1166 aliqua
721 1117 840 1166 opera
875 1124 950 1151 sna
984 1109 1141 1151 ordinet
1176 1111 1214 1151 in
1241 1108 1390 1151 bonnm
1414 1108 1598 1164 alterins,

305 1195 329 1223 a
362 1196 436 1238 qno
469 1195 693 1237 congruam
712 1182 761 1222 sit
785 1180 1085 1223 retributionem
1124 1189 1373 1238 acceptnrns.
1394 1181 1446 1223 ΙΙ.
1472 1179 1601 1223 Mulio

305 1267 401 1295 vero
436 1253 571 1294 minns
606 1261 659 1294 est
703 1251 841 1295 illicita
884 1253 979 1294 linio
1013 1267 1082 1294 sen
1114 1267 1214 1294 vera
1247 1253 1412 1294 societas
1446 1251 1600 1303 herilis,

306 1325 347 1366 in
382 1339 423 1366 eo
457 1324 548 1375 sita,
585 1324 689 1380 qnod
722 1326 810 1381 qnis
823 1325 1049 1381 primitivis
1074 1323 1247 1366 alicnins
1263 1323 1454 1381 familiae
1479 1338 1600 1365 mem-

306 1393 390 1436 bris
425 1394 730 1450 adnumeretur,
765 1403 803 1437 nt
837 1409 920 1437 nna
952 1409 1043 1437 cnm
1076 1395 1126 1436 iis
1161 1393 1234 1436 snb
1267 1394 1355 1436 lieri
1406 1394 1604 1450 regimine

306 1467 503 1523 conspiret
538 1467 578 1508 in
613 1466 755 1508 domus
790 1467 989 1517 ordinem,
1026 1465 1278 1522 splendorem
1312 1480 1356 1508 ac
1395 1466 1603 1523 prosperi—

305 1543 435 1587 tatem,
473 1536 518 1578 de
552 1550 631 1592 qna
656 1543 796 1592 postea
829 1544 859 1577 et
893 1536 973 1593 ipse
1007 1550 1090 1577 nna
1122 1550 1212 1577 cnm
1237 1535 1329 1577 aliis
1366 1537 1406 1578 in
1430 1542 1604 1592 propor-

306 1607 453 1648 tionato
488 1606 621 1663 aliquo
655 1607 790 1663 gradu
816 1608 1041 1664 participet:
1075 1606 1311 1649 lininsmodi
1329 1608 1436 1649 enim
1459 1606 1597 1649 herilis

307 1680 473 1722 societas
507 1688 561 1721 est
595 1679 813 1735 naturalis,
848 1687 901 1722 est
944 1688 1080 1736 aptum
1120 1678 1311 1737 familiae
1343 1678 1603 1736 complemen-

304 1759 388 1793 tum
421 1765 490 1792 sen
519 1750 724 1807 perfectio,
758 1760 812 1793 est
846 1751 1034 1807 dignitati
1057 1758 1227 1793 naturae
1264 1750 1465 1793 lnmtanae
1504 1750 1602 1792 satis

306 1835 507 1863 consona.

283 1973 375 2016 144.
410 1962 783 2005 DEMONSTRATIO.
838 1962 982 2004 Huius
1027 1961 1203 2004 theseos
1238 1961 1347 2005 duae
1380 1973 1484 2005 sunt
1517 1962 1601 2005 dis-

189 2032 349 2073 tinctae
384 2044 540 2088 partes:
568 2045 803 2090 utramque
837 2034 1024 2075 seorsim
1049 2032 1469 2076 demonstrabimus.

276 2104 306 2145 Ι.
342 2105 455 2147 PARS
490 2119 633 2148 PfflOR.
669 2105 728 2147 Ut
762 2106 805 2146 in
841 2105 919 2146 hac
952 2106 1055 2146 satis
1090 2105 1279 2161 implexa
1319 2107 1592 2162 quaestione,

188 2172 233 2215 de
267 2175 468 2228 scr-vitnte,
493 2187 590 2230 apte
624 2186 665 2216 et
701 2174 900 2217 ordinate
936 2174 1242 2231 procedamuS,
1276 2174 1487 2217 debemus
1536 2176 1603 2217 in—

188 2243 341 2300 primis
366 2244 590 2300 inquirere
624 2246 668 2287 in
703 2247 791 2288 vim
827 2258 956 2303 atque
997 2261 1179 2287 sensum
1233 2245 1391 2288 harum
1425 2261 1602 2302 vocum,

188 2314 376 2357 dominns
411 2330 458 2357 ac
492 2330 650 2359 servus:
686 2317 712 2358 i.
748 2332 783 2358 e.
818 2315 1030 2359 debemus
1065 2316 1169 2358 haec
1205 2315 1292 2359 duo
1316 2316 1603 2374 perpendere,

189 2384 294 2446 quid
318 2385 537 2442 significet
571 2402 653 2430 esse
688 2387 914 2444 dominnm,
949 2386 1054 2445 quid
1078 2403 1160 2430 esse
1185 2403 1364 2431 servam.

276 2458 478 2501 Primum
512 2457 620 2501 illud
654 2458 888 2516 significat,
911 2459 1105 2503 ordinare
1123 2459 1177 2503 ad
1201 2461 1420 2518 propriam
1438 2459 1600 2505 bonum:
