1705 2787
689 65 951 120 „355-

108 170 206 214 vilis
240 181 452 228 potestas,
487 183 535 216 ut
585 187 713 229 saepe
760 172 849 215 iam
898 171 1107 228 diximus,
1156 171 1286 215 debet
1319 187 1390 224 eas
1440 186 1531 214 non

111 241 292 302 quidem
327 241 558 285 destruere
593 244 659 286 vel
695 244 964 300 opprimere,
989 242 1063 285 sed
1098 244 1213 286 tueri
1237 256 1279 286 et
1313 243 1533 286 adiuvare.

231 314 494 372 Spectemus
530 316 613 373 2.⁰)
667 316 1022 358 consociationes
1057 315 1161 358 alias
1196 331 1218 357 a
1258 314 1436 358 familiis
1470 314 1532 358 di-

117 387 315 429 stinctas.
349 386 443 428 Hae
478 386 547 428 vel
581 402 632 429 ex
666 388 766 444 sinu
804 388 941 430 civilis
976 388 1199 444 societatis
1234 398 1471 443 emergunt
1493 387 1537 429 vi

113 458 243 514 ipsius
262 457 396 500 civilis
424 459 696 513 ,auctorizata
720 458 789 500 vel
813 470 1061 515 exsurgunt
1083 459 1128 500 vi
1150 457 1297 500 liberae
1321 459 1536 501 activitatis

115 527 298 584 ipsorum
334 526 553 568 sociorum.
580 553 632 557 —
669 527 713 569 Si
739 529 939 584 primum,
974 527 1137 584 poterit
1171 525 1439 584 quandoque
1473 541 1538 568 ra-

118 595 321 640 tionabili
355 596 406 640 de
431 612 561 639 causa
586 599 733 640 minor
757 600 944 641 societas
970 598 1131 656 privari
1155 598 1286 640 etiam
1307 598 1539 641 existentia

118 684 140 711 a
175 668 292 712 civili
327 668 607 723 auctoritate,
647 672 669 710 a'
703 684 787 726 qua
824 669 1040 726 dependet
1075 670 1118 711 in
1169 684 1277 710 esse.
1315 695 1365 700 —
1402 669 1446 711 Si
1480 683 1539 711 se-

119 739 313 796 cundum,
349 755 501 782 rursus
536 738 778 782 videndum
817 753 897 796 est,
932 742 1114 798 quinam
1149 742 1205 783 sit
1249 740 1365 797 finis,
1405 756 1540 800 quem

119 812 306 854 societas
340 809 546 866 intendit,
582 826 800 868 quaenam
836 813 924 854 sint
946 812 1105 866 media,
1125 812 1287 870 quibus
1313 814 1454 856 utitur
1489 812 1540 856 ad

121 899 224 927 eum
259 899 447 942 scopum
482 882 795 939 attingendum
816 883 902 941 (Ι).
939 884 982 927 Si
1018 886 1136 927 enim
1157 900 1317 942 scopus
1342 901 1417 928 seu
1439 876 1540 929 finis

122 957 178 998 sit
211 955 379 1013 aliquid
411 956 778 1011 inhonestum‚si
804 956 946 999 media
970 958 1057 1000 sint
1082 957 1249 1013 illicita,
1283 958 1319 999 si
1354 957 1541 999 societas

124 1028 242 1071 bono
277 1027 415 1070 civilis
450 1028 666 1070 consortii
700 1028 755 1069 sit
790 1030 1016 1085 opposita:
1053 1041 1160 1071 tunc
1194 1044 1299 1071 sane
1333 1027 1461 1071 debet
1485 1029 1542 1071 ci-

123 1100 220 1143 vilis
254 1100 510 1154 auctoritas,
530 1115 621 1142 non
656 1100 742 1141 iam
779 1101 893 1142 tueri
918 1112 959 1142 et
984 1099 1205 1156 adiuvare,
1229 1100 1304 1143 sed
1327 1099 1542 1157 impedire

123 1184 165 1213 et.
199 1171 427 1214 destruere
461 1170 569 1213 tales
594 1186 746 1227 pravas
782 1182 823 1212 et
857 1170 1131 1214 inordinatas
1169 1172 1372 1214 uniones.
1417 1173 1475 1214 At
1508 1172 1543 1213 si

123 1257 300 1299 scopus,
334 1257 468 1299 quem
502 1242 611 1284 socii
650 1241 904 1297 intendunt,
939 1243 994 1284 sit
1044 1242 1277 1297 honestus,
1313 1243 1348 1284 si
1398 1241 1541 1285 media

125 1315 214 1357 sint
247 1314 378 1369 licita,
413 1314 454 1357 si,
483 1314 684 1368 societas,
725 1327 857 1369 quam
894 1312 1143 1367 efflat-mant,
1195 1328 1286 1355 non
1321 1313 1375 1355 sit
1427 1312 1545 1355 bono

126 1386 264 1428 civilis
299 1386 514 1427 consortii
549 1385 768 1441 opposita,
803 1383 877 1426 sed
912 1385 967 1426 sit
1001 1384 1052 1426 ad
1100 1384 1208 1426 illud
1262 1383 1545 1438 ordinabilis;

126 1470 234 1499 tunc
267 1455 395 1499 debet
439 1456 578 1499 civilis
615 1468 808 1512 potestas
835 1455 941 1498 tales
977 1456 1334 1498 consociationes
1369 1457 1484 1498 tueri
1505 1468 1546 1498 et

128 1527 352 1584 adiuvare,
391 1543 460 1570 eas
485 1526 537 1570 ad
563 1525 733 1570 bonum
760 1542 1002 1570 commune
1028 1525 1348 1569 coordinando.
1370 1527 1547 1569 Etenim

129 1597 331 1642 ordinata
351 1598 585 1641 associatio
605 1596 656 1640 ad
676 1597 807 1640 talem
830 1597 964 1640 finem
992 1597 1235 1641 honestum
1255 1610 1319 1640 est
1344 1599 1452 1640 iuris
1473 1613 1548 1640 na-

128 1670 283 1713 turalis
308 1669 394 1728 (2):
430 1669 559 1712 debet
583 1681 731 1712 autem
754 1670 892 1711 civilis
919 1682 1112 1726 potestas
1138 1671 1252 1712 tueri
1272 1682 1314 1712 et
1338 1668 1544 1712 adiuvare

129 1741 223 1783 iura
243 1741 422 1784 civium.
439 1741 567 1793 Quae
586 1740 763 1797 speciali
783 1741 913 1783 titulo
933 1741 1078 1783 valent
1093 1740 1144 1783 de
1164 1739 1450 1783 societatibus
1470 1755 1546 1783 seu

201 1972 257 2018 (t)
287 1974 491 2007 Auctoritas
532 1973 705 2018 impedire
746 1982 862 2018 potest
898 1983 930 2007 et
960 1973 1065 2007 debet
1105 1974 1297 2008 societates
1334 1978 1491 2019 secretas,
1518 1974 1554 2008 in

132 2033 257 2078 quibus
284 2033 364 2069 finis
391 2033 623 2078 particularis,
651 2034 692 2068 ad
725 2046 831 2079 quem
860 2034 1123 2079 assequendum
1151 2036 1239 2069 socii
1267 2046 1304 2069 se
1343 2046 1381 2069 se
1417 2035 1554 2077 uniunt,

132 2101 166 2126 et
193 2101 383 2138 propterea
410 2093 529 2128 media
555 2095 677 2129 omnia
721 2103 779 2128 aut
807 2093 879 2127 sere
913 2094 1033 2128 onmia
1061 2104 1209 2129 manent
1235 2103 1386 2129 secreta.
1412 2095 1555 2130 Etenim

132 2164 320 2197 supremae
365 2154 586 2188 auctoritatis
615 2163 668 2188 est
695 2154 816 2187 omnia
845 2154 983 2188 minora
1011 2155 1193 2188 consortia
1222 2155 1264 2188 ad
1305 2155 1415 2189 finem
1441 2155 1555 2189 totius

133 2213 316 2247 societatis
344 2212 456 2247 civilis
485 2214 708 2248 coordinare.
740 2214 847 2258 Atqui
870 2214 1061 2248 societates
1079 2223 1251 2257 secretae,
1269 2214 1339 2248 hoc
1357 2215 1436 2259 ipso
1457 2214 1552 2259 quod

135 2280 216 2305 sunt
231 2280 401 2313 secretae,
421 2282 606 2317 nequeunt
633 2285 650 2306 a
679 2271 770 2305 civili
792 2273 1005 2306 auctoritate
1032 2272 1234 2307 coordinari
1263 2273 1304 2306 ad
1327 2273 1437 2306 finem
1453 2284 1555 2307 com·

135 2341 294 2364 munem.
323 2331 419 2375 Ergo
448 2343 524 2372 eae,
553 2332 578 2365 si
608 2341 767 2366 secretae
796 2343 942 2365 manere
969 2331 1090 2374 veiint,
1118 2341 1269 2377 possunt
1311 2344 1351 2366 ac
1379 2332 1510 2366 debent
1537 2344 1556 2366 a

137 2388 230 2422 civili
259 2390 471 2424 auctoritate
498 2390 690 2434 prohiberi.

209 2445 259 2497 (2)
288 2446 344 2481 Ad
372 2457 447 2480 rem
476 2447 694 2489 Liberatore‚
725 2447 757 2482 la
801 2447 921 2483 Chiesa
955 2460 970 2481 ε
999 2447 1029 2495 ῖς)
1070 2453 1156 2483 stato
1201 2460 1276 2495 cap.
1319 2449 1379 2485 111.
1423 2456 1485 2486 art.
1513 2458 1556 2491 4.;
