1705 2787
676 72 935 123 *233*

91 169 312 231 spublicas
356 186 398 216 et
447 173 718 231 respublicas
766 176 812 217 in
860 188 995 230 regna
1046 173 1225 228 mutari,
1257 182 1318 232 ‚et
1349 171 1511 231 {tamen

92 258 336 303 utrumque
355 245 556 302 regimen
580 261 717 304 aeque
740 247 910 289 iustum
930 243 1105 287 haberi:
1129 243 1250 302 quod
1272 244 1398 287 nullo
1422 259 1515 287 mo-

89 315 146 359 do
170 315 310 372 fieret,
344 317 380 358 si
413 330 571 372 regum
591 318 830 360 auctoritas
856 331 947 358 non
972 331 1024 358 ex
1046 316 1242 358 humana
1266 313 1514 370 voluntate,

88 387 164 431 sed
197 403 249 431 ex
280 388 431 431 divino
450 389 547 430 iure
566 388 792 445 penderet.
812 405 893 428 n—
914 388 973 430 Ut
993 400 1141 430 autem
1167 387 1381 430 hactenus
1402 386 1516 430 dicta

89 459 249 502 clarius
292 449 435 502 adhuc
467 460 790 516 intelligantur,
826 459 971 516 aliqua
1004 457 1232 501 addemus,

207 530 255 588 a)
289 530 525 582 Quaenam
559 542 625 572 est
659 531 786 586 ratio,
821 546 907 587 qua
941 542 1114 572 veteres
1149 530 1262 572 moti
1309 541 1415 573 sunt
1464 528 1516 572 ad

90 599 434 656 admittendum,
468 615 724 657 supremam
758 613 1027 657 potestatem
1062 601 1208 657 primo
1243 601 1435 644 residere
1470 602 1514 643 in

91 683 184 714 tota
217 672 383 714 civium
416 671 756 726 communitate,
791 682 1021 728 tamquam
1056 674 1100 712 in
1134 670 1336 713 subiecto
1356 672 1513 713 imme-

91 743 245 788 diato?
280 768 333 774 ——
366 743 400 785 Ii
434 743 495 784 sic
529 754 738 798 arguunt.
778 744 840 785 De
889 744 984 784 iure
1034 744 1225 785 naturali
1274 743 1422 786 existit
1471 744 1515 785 in

90 815 207 859 civili
239 816 450 857 societate
484 816 759 871 principatus
805 815 1028 870 politicus.
1081 815 1199 871 Ergo
1246 814 1317 858 vel
1365 816 1516 858 existit

91 888 135 928 in
169 897 262 928 tota
295 886 534 928 hominum
570 887 910 940 communitate,
945 886 1013 927 vel
1046 887 1193 927 existit
1226 886 1271 928 in
1308 901 1394 928 una
1427 887 1515 928 sin-

90 957 233 1014 gulari
265 971 455 1014 persona
489 969 563 999 aut
597 968 752 998 senatu
788 955 1099 999 determinato,
1134 957 1272 1014 Atqui
1305 971 1397 999 non
1431 957 1515 999 hoc

91 1029 353 1072 secundum.
386 1029 503 1072 Nam
538 1043 589 1071 ex
622 1029 663 1071 vi
708 1029 893 1070 rationis
937 1029 1149 1071 naturalis
1201 1029 1322 1071 nulla
1370 1042 1517 1086 potest

90 1101 331 1157 excogitari
365 1102 492 1156 ratio,
527 1115 604 1142 cur
626 1100 730 1142 haec
750 1112 945 1157 potestas
966 1099 1289 1143 determinetur
1308 1100 1360 1143 ad
1382 1116 1515 1144 unam

90 1175 364 1230 singularem
398 1186 636 1230 personam
670 1173 739 1214 vel
771 1171 823 1215 ad
873 1185 1047 1214 certum
1091 1188 1385 1229 personarum
1434 1189 1516 1216 nu-

91 1259 269 1287 merum
300 1243 414 1286 infra
462 1256 605 1286 totam
654 1246 1043 1299 communitatem,
1094 1245 1235 1300 magis
1285 1259 1420 1303 quam
1464 1243 1516 1287 ad

90 1316 240 1358 alium:
277 1330 434 1358 omnes
468 1317 589 1357 enirn
624 1317 738 1357 cives
758 1316 927 1357 suntin
948 1328 1105 1358 natura
1125 1316 1343 1373 aequaleS,
1358 1331 1516 1358 omnes

91 1398 196 1428 sunt
229 1387 470 1443 aequaliter
506 1397 699 1428 rectores
733 1385 923 1427 familiae
957 1387 1027 1428 cui
1061 1386 1378 1444 praesunt(1).
1399 1387 1517 1443 Ergo

90 1461 125 1499 si
159 1457 211 1500 de
245 1456 358 1500 facto
393 1459 619 1500 invenitur
655 1458 697 1499 in
735 1473 821 1499 una
871 1473 1059 1514 persona
1110 1459 1305 1514 physica,
1355 1458 1422 1499 vel
1474 1473 1517 1499 in

90 1541 245 1571 senatu
281 1528 594 1585 determinato,
630 1530 713 1571 hoc
749 1531 830 1571 erit
866 1531 977 1572 exvi
1001 1531 1186 1572 alicuius
1222 1530 1414 1586 expliciti
1449 1534 1516 1573 vel

91 1601 309 1658 impliciti,
343 1601 529 1643 exhibiti
563 1601 631 1643 vel
649 1601 785 1643 debiti
820 1616 1066 1643 consensus
1102 1603 1455 1644 communitatis,

211 1671 257 1730 b)
290 1673 387 1714 Hoc
422 1674 554 1714 etiam
588 1673 798 1728 admisso,
834 1673 953 1730 quod
987 1675 1165 1730 politica
1200 1686 1396 1731 potestas
1425 1689 1517 1716 non

91 1743 219 1787 detur
252 1760 276 1787 a
308 1747 405 1788 Deo
439 1746 569 1788 alicui
603 1760 818 1802 personae
853 1748 947 1787 sine
981 1758 1235 1788 interventu
1270 1761 1516 1788 consensus

91 1831 167 1859 seu
202 1817 430 1860 electionis
465 1819 819 1873 communitatis,
869 1832 945 1859 cur
997 1819 1294 1860 nihilominus
1329 1830 1515 1874 veteres,

90 1890 247 1930 saltem
280 1889 494 1946 plerique,
533 1904 624 1931 non
660 1888 878 1944 dicebant,
929 1889 1197 1944 praedictam
1248 1902 1515 1946 potestatem

161 2113 216 2158 (1)
246 2126 261 2144 «
280 2114 386 2157 Nam,
413 2114 461 2148 ita
489 2114 770 2148 Salinaticenses
800 2114 820 2149 l.
849 2126 955 2149 nunc.
983 2115 1052 2156 cit„
1082 2125 1209 2147 omncs
1240 2113 1407 2148 homines
1435 2124 1520 2153 sunt

90 2174 125 2208 in
151 2184 276 2208 natura
306 2174 485 2220 aequales,
514 2186 578 2208 nec
608 2187 697 2208 unus
726 2184 779 2209 est
807 2176 981 2219 superior,
1010 2186 1075 2208 nec
1105 2174 1191 2208 alius
1213 2173 1359 2207 inferior
1377 2183 1515 2213 natura,

90 2234 175 2268 nulli
205 2235 301 2268 enim
328 2235 425 2268 dedit
453 2244 579 2268 natura
606 2246 711 2279 supra
738 2235 892 2268 alterum
918 2244 1162 2279 potestatem:
1190 2235 1251 2267 sed
1280 2234 1369 2267 haec
1400 2246 1418 2268 a
1438 2234 1518 2267 Deo

91 2295 174 2328 data
203 2304 256 2329 est
283 2294 472 2328 hominum
499 2295 761 2336 communitati,
796 2306 886 2339 quae
915 2295 1075 2328 iudicans
1103 2295 1235 2328 rectius
1281 2293 1356 2327 fore
1386 2294 1517 2339 guber-

90 2354 248 2389 nandam
274 2366 337 2401 per
364 2365 472 2388 unam
499 2355 556 2388 vel
581 2354 700 2400 plures
728 2366 900 2400 personas
929 2356 1187 2390 determinatas
1215 2365 1317 2388 suam
1337 2354 1517 2388 transtulit

91 2424 309 2460 potestatem
336 2415 370 2448 in
399 2427 505 2449 unam
526 2415 581 2449 vel
603 2415 730 2459 plures,
751 2417 876 2461 quibus
896 2426 1049 2461 regatur,
1070 2425 1106 2450 ut
1123 2417 1168 2450 ait
1189 2428 1213 2449 s.
1235 2415 1409 2454 Thomas,
1437 2426 1462 2448 1.
1487 2425 1520 2450 22

93 2488 124 2521 q.
153 2486 208 2519 90.
238 2487 265 2509 a.
289 2487 318 2520 3.
348 2476 389 2508 ad
421 2482 481 2509 2.¹·¹
503 2493 516 2505 ιι
