1705 2787
652 94 706 106 ,-
751 85 920 131 199..

159 178 245 226 Res
265 178 325 224 ita
348 194 394 224 se
418 176 600 225 haberet
623 181 669 226 in
693 180 857 240 duplici
881 181 961 225 hac
985 175 1244 240 hypothesi:
1269 172 1498 232 videlicet,

70 253 105 296 si
124 253 400 295 consociatio
423 253 469 296 in
494 269 637 297 unum
664 254 896 311 politicum
916 268 1076 311 corpus
1096 263 1210 294 esset
1233 247 1489 294 adinventio

69 339 145 367 seu
171 324 396 367 institutio
430 323 722 381 humana,vel
744 327 779 368 si
804 337 986 383 possent
1020 324 1227 367 homines
1261 320 1388 378 iungi
1411 334 1488 361 seu

67 397 332 453 congregari
367 397 412 438 in
437 412 580 439 unum
600 398 834 453 politicum
858 412 1033 454 corpus,
1053 411 1133 438 nec
1158 407 1307 438 tamen
1331 389 1488 435 subiici

68 465 273 523 politicae
292 466 515 523 potestati,
535 465 611 509 sed
630 482 725 509 eam
750 483 829 524 pro
853 466 980 510 libito
1005 466 1238 509 admittere
1260 462 1330 507 vel
1341 461 1487 505 exclu-

66 537 191 581 dere:
227 537 321 580 aliis
355 536 516 593 verbis,
551 538 587 580 si
621 538 690 581 vel
725 540 913 581 societas
949 538 1088 581 civilis
1137 552 1228 579 non
1264 546 1378 578 esset
1412 548 1486 576 na-

65 609 234 665 turalis,
268 608 337 652 vel
370 621 520 666 posset
554 611 742 652 societas
777 611 916 654 civilis
941 626 1034 652 esse
1060 610 1156 652 sine
1181 609 1320 665 capite
1340 618 1381 649 et
1406 621 1485 662 gu-

68 679 316 723 bernatore.
340 681 478 738 Atqui
502 693 660 724 neutra
684 681 944 739 hypothesis
965 692 1110 738 potest
1129 679 1317 723 admitti:
1334 677 1484 721 civitas

66 765 131 795 est
165 751 376 795 naturalis
411 764 453 795 et
487 754 644 811 nequit
678 754 772 796 sine
813 754 954 811 capite
988 754 1245 795 consistere.

153 823 221 867 Ad
255 839 349 866 rem
383 823 678 867 Bellarminus
713 824 808 883 (1):
832 843 851 865 «
874 824 1058 868 Politica
1093 834 1302 881 potestas,
1322 822 1366 864 in
1387 821 1485 864 uni-

64 910 243 938 versum
278 894 570 951 considerata,
605 908 671 939 est
719 895 771 939 de
822 897 916 940 iure
966 908 1172 939 naturae:
1223 909 1315 937 non
1363 893 1485 936 enim

64 966 226 1024 pendet
260 982 310 1010 ex
345 983 567 1010 consensu
605 967 870 1012 hominum:
907 984 1010 1010 nam
1043 967 1166 1010 velint
1200 965 1327 1010 nolin!
1349 964 1487 1008 dehent

64 1039 152 1096 regi
183 1038 232 1082 ab
266 1038 415 1097 aliquo,
450 1040 535 1082 nisi
568 1040 707 1083 velint
745 1041 887 1098 perire
913 1040 1163 1083 humanum
1187 1054 1344 1096 genuS,
1368 1035 1487 1095 quod

65 1123 130 1153 est
164 1123 318 1154 contra
352 1123 535 1154 naturae
569 1112 922 1155 inclinationem.
958 1113 1107 1154 Atius
1133 1123 1315 1154 naturae
1340 1109 1486 1152 estius

65 1181 267 1224 divinum.
303 1181 403 1223 Iure
436 1182 572 1238 igitur
607 1181 759 1225 divino
785 1181 1041 1225 introducta
1065 1192 1130 1224 est
1165 1178 1484 1237 gubernatio.»

63 1252 176 1294 Item
210 1252 372 1294 Suarez
406 1251 502 1310 (2):
542 1270 561 1292 «
599 1254 648 1295 In
683 1253 757 1295 tali
793 1253 1117 1295 communitate
1161 1249 1401 1309 (politica),
1436 1261 1486 1292 ut

64 1323 140 1380 sic,
175 1334 239 1366 est
274 1323 379 1366 haec
412 1336 608 1381 potestas
643 1340 695 1367 ex
729 1336 886 1367 natura
937 1325 1014 1380 rei,
1048 1324 1106 1366 ita
1142 1334 1190 1365 ut
1224 1338 1315 1365 non
1349 1322 1405 1364 sit
1438 1322 1483 1364 in

64 1394 305 1437 hominum
354 1407 573 1452 potestate
608 1396 667 1438 ita
716 1396 993 1453 congregari,
1028 1407 1069 1438 et
1121 1393 1336 1451 impedire
1372 1392 1484 1435 hanc

63 1477 344 1524 potestatem.
365 1466 494 1510 Unde
529 1468 564 1510 si
598 1467 821 1525 fingamus
848 1467 1053 1510 homines
1080 1478 1324 1523 utrumque
1357 1464 1483 1521 velle,

64 1536 244 1592 scilicet,
280 1537 337 1579 ita
383 1540 645 1595 congregari
688 1538 823 1581 veluti
874 1537 956 1581 sub
1001 1536 1274 1592 conditione,
1309 1548 1358 1579 ut
1391 1551 1483 1578 non

63 1620 295 1650 manerent
329 1607 516 1652 subiecti
552 1609 653 1652 huic
688 1611 912 1667 potestati,
947 1620 1061 1651 esset
1111 1608 1418 1665 repugnantia,
1451 1615 1483 1650 et

62 1679 148 1722 ideo
183 1679 284 1722 nihil
317 1681 523 1738 efficerent.
560 1682 679 1734 Quia
714 1682 809 1724 sine
843 1680 1170 1738 gubernatione
1205 1678 1382 1736 politica
1414 1678 1484 1722 vel

133 1879 189 1924 (1)
215 1880 270 1914 De
297 1880 409 1922 laicis,
437 1879 459 1913 l.
489 1889 565 1912 111.
594 1890 623 1911 c.
651 1876 682 1911 6.
711 1897 752 1902 —
784 1877 895 1910 Paulo
933 1876 1078 1910 inferius
1110 1877 1243 1911 subdit:
1274 1888 1290 1906 a
1315 1876 1481 1910 Potestas

61 1938 272 1983 principum,
301 1938 337 1972 in
363 1948 499 1982 genere
527 1936 762 1976 considerata,
791 1944 844 1969 est
872 1936 978 1968 etiam
1018 1934 1060 1968 de
1088 1935 1162 1968 iure
1190 1943 1337 1969 naturae
1365 1942 1399 1968 et
1427 1934 1481 1968 di-

62 1996 169 2030 vino:
198 2007 262 2030 nec
290 2005 411 2041 posset
440 2007 554 2041 genus
581 1994 790 2031 humanum,
820 1993 959 2027 etiamsi
986 2001 1102 2027 totum
1128 1991 1235 2027 simul
1259 1993 1480 2035 conveniret,

62 2055 281 2088 contrarium
310 2063 479 2096 statuere,
506 2053 686 2094 nimirum,
706 2061 743 2085 ut
763 2051 846 2085 nulli
869 2060 989 2085 essent
1006 2052 1181 2096 principes
1198 2049 1258 2084 vel
1275 2059 1442 2085 rectores.
1461 2065 1476 2083 n

133 2112 190 2158 (2)
218 2114 272 2147 De
300 2113 406 2159 legib.
434 2112 456 2147 1.
484 2113 544 2146 ΙΙΙ.
572 2124 601 2146 c.
633 2122 662 2145 2.
690 2123 722 2146 n.
750 2120 782 2153 4.
810 2130 851 2135 —
882 2110 1042 2151 Quando
1070 2122 1095 2143 s.
1124 2109 1287 2144 Thomas
1319 2110 1377 2152 ait,
1398 2120 1430 2144 2.
1449 2120 1480 2144 2.

62 2183 94 2217 q.
126 2183 178 2206 10.
206 2185 225 2206 a
256 2183 319 2215 10.‚
355 2184 370 2202 a
397 2171 597 2206 dominium
620 2179 653 2204 et
681 2168 939 2215 praelationem
980 2169 1179 2204 introducta
1208 2180 1287 2203 esse
1325 2169 1398 2202 iure
1425 2168 1483 2202 Im-

62 2243 175 2273 mcmo,
203 2246 218 2264 »
250 2232 563 2276 contradistinguit
592 2231 644 2264 ius
684 2230 881 2263 humanum
910 2241 984 2263 non
1010 2240 1028 2262 a
1068 2229 1142 2262 iura
1176 2228 1342 2270 naturali,
1370 2228 1432 2263 sed
1460 2240 1480 2262 a

62 2291 136 2325 inre
163 2292 252 2337 quod
279 2296 327 2326 est
351 2303 390 2325 ex
415 2292 545 2337 gralia,
575 2300 607 2324 et
637 2291 689 2323 ius
718 2290 915 2323 humanum
943 2287 1106 2333 intelligit
1134 2288 1230 2330 illud,
1249 2288 1338 2334 quod
1359 2294 1481 2335 proce-

61 2351 112 2385 dit
138 2364 158 2385 ιι
185 2353 319 2386 ratione
346 2351 515 2385 naturali.
544 2351 769 2384 Potestatem
804 2348 985 2394 politicam
1030 2360 1103 2382 non
1145 2347 1232 2390 tolli,
1259 2347 1321 2381 sed
1364 2347 1479 2393 magis

62 2409 192 2444 firmari
221 2422 283 2455 per
309 2408 615 2455 supernaturalem
648 2407 744 2442 Fidei
765 2406 1035 2449 revelaticmem,
1064 2406 1221 2441 ostendit
1248 2418 1276 2441 s.
1303 2405 1478 2450 Thomas,

63 2477 92 2502 2.
122 2479 152 2503 2.
180 2480 212 2515 q.
244 2478 318 2511 104.
346 2481 378 2504 a.
405 2467 438 2504 6.
