1705 2787
0 0 63 107 Ξ)
87 6 89 10 ’

638 127 691 132 —
726 101 810 157 387
846 127 876 132 -

55 205 196 249 habeat
228 205 339 248 illam
367 207 622 263 possidendi.
655 206 859 250 Iamvero
893 205 945 249 de
978 207 1063 249 hoc
1097 206 1235 249 altero
1275 219 1477 265 tempore

0 336 3 339 Ι
57 277 102 320 in
137 276 217 319 hac
249 277 365 320 thesi
399 278 643 335 loquimur.

172 348 297 390 Patet
331 360 644 405 usurpatorem
679 350 939 405 gravissime
962 365 1156 407 peccare,
1177 352 1268 394 sive
1293 350 1473 408 quando

54 421 288 479 potestatis
321 436 557 478 supremae
592 421 925 478 possessionem
964 420 1047 464 sibi
1080 422 1228 478 primo
1273 437 1349 479 per
1384 422 1475 464 vim

2 481 4 483 ‚
56 497 98 536 er
131 492 333 535 fraudem
366 491 574 549 vindicat,
608 494 698 536 sive
733 508 874 550 quum
908 505 1061 550 postea
1086 497 1346 550 usurpatam
1367 493 1478 535 hanc

54 575 322 621 potestatem
341 561 424 605 sibi
442 564 604 606 retinet
638 562 897 621 (1).Veram
917 566 1037 607 enim
1057 565 1247 622 principi
1272 565 1476 622 legitimo

56 632 187 676 infert
220 634 446 689 iniuriam,
480 648 528 676 ac
563 635 741 691 proprie
778 634 941 677 dictam
976 648 1119 693 patrat
1153 649 1195 679 et
1242 638 1476 680 continuat

54 707 323 750 iniustitiam
357 707 448 749 sive
484 718 639 749 contra
665 695 817 763 illum,
852 708 942 749 sive
977 709 1110 750 etiam
1146 721 1300 751 contra
1334 708 1479 764 legiti-

55 794 183 821 mum
217 779 311 821 eius
360 794 681 834 successorem,
717 792 759 822 et
804 778 991 835 proinde
1040 779 1092 822 ad
1142 778 1477 822 restituendum

57 862 249 893 tenetur.
283 851 417 893 Hisce
453 849 642 893 breviter
692 851 960 907 praemissis,
1010 866 1147 907 pauca
1191 851 1243 894 de
1286 850 1475 907 singulis

57 934 235 965 nostrae
268 923 527 965 assertionis
562 920 761 979 partibus
796 920 994 964 dicamus
1030 921 1119 980 (2)

145 1007 243 1049 213.
277 995 653 1037 DEMONSTRATIO.
703 994 734 1035 Ι.
791 992 840 1033 In
889 993 1027 1049 priori
1075 1005 1198 1049 parte
1247 994 1473 1047 asseritur,

58 1077 387 1122 usurpatorem,
422 1066 499 1122 qui
533 1064 660 1119 nolit,
695 1077 829 1121 prout
863 1077 1053 1115 tenetur,
1074 1080 1330 1121 supremam
1355 1077 1479 1122 pote-

58 1147 218 1179 statem
252 1136 441 1192 principi
466 1135 668 1192 legitimo
694 1135 942 1191 restituere,
968 1136 1004 1177 si
1028 1137 1208 1192 insuper
1233 1136 1350 1193 leges
1370 1135 1478 1178 ferat

56 1206 250 1264 iniquas,
284 1218 374 1262 aut,
410 1207 446 1248 si
483 1205 663 1263 quando
699 1220 812 1262 opus
847 1208 917 1262 sit,
951 1208 1018 1249 ius
1054 1222 1145 1249 non
1171 1206 1300 1264 dicat,
1325 1220 1476 1250 sontes

57 1294 149 1321 non
185 1279 453 1335 comprimat
487 1292 585 1334 etc.,
620 1279 760 1335 magis
805 1278 947 1321 adhuc
997 1295 1190 1336 peccare,
1225 1294 1479 1337 novamque

57 1350 187 1392 aliam
207 1349 370 1392 inferre
403 1351 630 1393 iniuriam.
652 1377 704 1381 —
731 1351 909 1392 Etenim
935 1363 1105 1407 praeter
1130 1366 1226 1393 eam
1252 1352 1479 1406 iniuriam,

57 1436 192 1478 quam
227 1419 360 1463 infert
394 1421 583 1478 principi
616 1421 834 1478 legitimo,
869 1434 1088 1479 quatenus
1123 1438 1380 1479 supremam
1405 1438 1480 1464 au-

57 1493 324 1549 ctoritatem,
359 1505 492 1550 prout
525 1491 669 1548 debet,
704 1494 766 1536 iili
801 1509 891 1537 non
927 1496 1137 1551 restituit,
1162 1511 1324 1538 novam
1346 1495 1478 1538 infert

57 1564 270 1607 iniuriam
315 1564 478 1607 directe
527 1566 633 1622 ipsis
668 1565 853 1622 civibus,
888 1567 933 1608 in
968 1581 1164 1623 quorum
1202 1566 1372 1609 bonum
1406 1566 1479 1625 (3)

125 1715 182 1760 (ι)
209 1715 323 1750 Simili
351 1715 460 1749 modo
487 1715 557 1757 ille,
585 1716 642 1760 qui
673 1715 781 1749 :dium
809 1716 928 1760 inique
957 1716 991 1748 in
1040 1727 1221 1750 carcerem
1267 1717 1476 1763 compingit,

54 1787 128 1810 non
154 1775 272 1810 solum
298 1784 423 1821 peccat
450 1776 492 1810 ab
519 1776 632 1817 initio,
660 1775 722 1809 sed
752 1776 861 1809 etiarn
887 1776 1016 1820 iugiter
1059 1786 1196 1821 postea,
1243 1788 1353 1821 quum
1380 1777 1473 1811 hanc

55 1834 198 1870 alterius
225 1834 468 1870 calamitatem
495 1836 692 1869 continuat.

126 1893 181 1938 (2)
208 1895 263 1928 De
289 1894 355 1928 hac
382 1894 594 1939 quaestione
622 1892 664 1926 cf.
693 1893 859 1927 Ballerini
888 1894 923 1927 in
969 1894 1090 1928 adnot.
1119 1894 1161 1928 ad
1191 1895 1356 1939 quintum
1403 1895 1477 1928 De-

57 1952 122 1987 cal.
148 1963 393 1999 praeceptum.

128 2011 178 2057 (3)
206 2005 303 2046 Nota
330 2012 522 2046 discrimen
550 2013 642 2046 inter
669 2012 868 2045 dominium
912 2013 1150 2057 proprietatis,
1197 2022 1231 2047 et
1276 2013 1477 2046 dominium

54 2070 320 2105 iurisdictionis.
347 2072 429 2114 Res,
457 2083 547 2116 quae
575 2071 780 2115 possidetur
807 2080 843 2104 ut
870 2073 1023 2116 propria,
1068 2083 1120 2107 est
1165 2073 1201 2106 in
1240 2073 1374 2106 borium
1415 2072 1481 2106 do-

57 2130 155 2171 mini,
183 2131 242 2176 qui
270 2142 350 2164 eam
377 2131 549 2175 possidet.
578 2131 649 2171 Qui
679 2142 765 2175 ergo
795 2143 875 2164 eam
902 2131 1025 2173 aufert,
1055 2132 1113 2166 ilia
1142 2132 1206 2166 frui
1249 2144 1311 2166 seu
1340 2133 1387 2166 uti
1415 2144 1481 2166 ne-

55 2189 139 2234 quit.
167 2189 215 2222 At
241 2189 448 2231 iurisdictio,
494 2201 601 2234 quam
629 2190 706 2234 quis
734 2191 895 2235 possidet
923 2192 959 2225 in
987 2191 1086 2234 alios,
1116 2202 1170 2226 est
1197 2193 1231 2225 in
1261 2193 1395 2226 bonum
1422 2192 1483 2226 ho-

52 2259 130 2282 rum
158 2247 320 2290 aliorum,
348 2260 421 2281 non
450 2257 571 2282 autem
599 2248 731 2282 directe
759 2250 795 2283 in
825 2250 960 2284 bonum
988 2250 1093 2293 illius,
1136 2252 1194 2296 qui
1241 2263 1320 2285 eam
1362 2252 1480 2296 possi-

27 2338 29 2340 .
56 2307 124 2342 det.
154 2309 225 2349 Qui
254 2320 340 2354 ergo
369 2320 449 2343 eam
478 2308 601 2351 aufert,
630 2321 695 2343 nec
724 2309 810 2349 vult,
840 2319 944 2354 prout
973 2310 1088 2351 debet,
1132 2311 1331 2352 restituere,
1376 2319 1479 2344 tene-

57 2375 112 2400 tur
137 2366 235 2400 iilam
264 2376 358 2400 recte
389 2378 555 2400 exercere
583 2368 616 2400 in
647 2368 781 2400 bonum
810 2367 1046 2409 subditorum,
1076 2368 1201 2412 quibus
1231 2377 1284 2402 est
1304 2368 1478 2407 ordinata,

61 2434 93 2458 et
121 2425 245 2469 quibus
275 2434 328 2459 est
356 2427 571 2459 necessaria.
600 2427 707 2467 Quod
739 2428 764 2459 si
794 2439 865 2459 non
894 2426 1008 2465 saciat,
1043 2428 1206 2461 iniuriam
1252 2428 1385 2461 directe
1425 2428 1479 2460 in-

62 2483 131 2518 sert
158 2486 241 2529 ipsis
270 2485 431 2518 subditis.
