1705 2787
793 67 852 76 ..-
889 39 1029 83 86..-

203 147 403 191 trimonii
437 145 583 191 deficit
620 146 797 204 ipsaque
831 147 1053 190 societatis
1089 148 1199 192 ratio
1234 162 1386 206 cessat,
1412 165 1616 208 quaeque

207 219 289 275 ipsi
323 218 399 262 fini
434 219 631 274 coniugii
648 219 853 276 primario
879 233 1059 276 prorsus
1084 220 1323 280 repugnat)
1348 221 1609 278 prohibetur

206 305 228 333 a
263 290 357 347 lege
392 290 594 333 naturali.

298 361 447 404 Restat
472 361 621 416 igitur,
645 359 785 403 solam
812 361 1145 417 monogamiam
1170 360 1444 405 naturalibus
1469 362 1614 405 omni-

211 430 289 474 bus
310 430 472 474 finibus
493 432 768 473 matrimonii
788 432 970 489 eiusque
991 434 1272 476 convenienti
1297 434 1430 476 statui
1455 448 1501 476 ac
1527 448 1623 491 per-

209 501 388 546 fectioni
423 502 704 560 respondere,
739 518 924 561 eamque
957 503 1142 561 proinde
1168 505 1356 548 naturali
1381 505 1475 562 lege
1500 521 1622 563 prae-

208 574 307 631 cipi.

331 658 424 701 129.
459 644 703 689 Senones.
739 646 1080 689 Matrimonium
1116 658 1276 703 potest,
1312 660 1360 690 ut
1392 648 1480 690 iam
1514 646 1621 690 dixi-

207 731 322 771 mm,
357 714 626 758 considerari
661 715 916 773 dupliciter:
943 717 1104 773 primo,
1125 717 1441 761 tantummodo
1466 733 1621 761 secun-

207 785 312 830 dum
338 786 457 845 quod
481 800 545 830 est
571 789 609 830 in
635 788 806 845 <fficium
841 797 1038 831 mamm:
1067 788 1251 831 Ulterius
1279 802 1442 846 autem,
1467 805 1622 832 secun-

207 858 312 901 dum
347 858 465 916 quod
500 872 564 902 est
599 859 798 903 Ecclesiae
831 870 1129 903 sarrczmenlztm
1163 877 1187 904 ιι
1228 861 1389 905 Christo
1440 863 1619 905 Domino

207 931 444 972 institutum.
480 931 703 973 Hactenus
740 947 819 973 nos
856 932 991 987 priori
1027 944 1197 974 tantum
1226 931 1376 981 modo,
1400 945 1447 974 ut
1472 931 1616 989 philo-

206 999 371 1057 sophos
391 999 528 1047 decet,
548 1002 841 1057 spectavimus
859 1002 1213 1049 matrimonium,
1233 1002 1477 1044 secundum
1499 1001 1619 1059 quod

206 1083 270 1113 est
291 1072 333 1113 in
355 1070 550 1113 officium
586 1084 781 1114 naturae.
802 1073 965 1114 Iuverit
990 1071 1154 1130 aliquid
1188 1073 1374 1115 innuere
1395 1072 1445 1116 de
1470 1074 1619 1115 matri-

208 1144 362 1185 monio
387 1144 623 1200 posteriori
642 1144 773 1185 etiam
795 1143 930 1186 modo
965 1142 1259 1186 considerato.
1281 1143 1489 1186 Tertium
1511 1156 1617 1186 tunc

207 1214 336 1257 habet
370 1214 521 1271 finem,
562 1215 762 1258 videlicet
810 1215 1184 1272 significationem
1225 1217 1403 1258 unionis
1447 1215 1617 1259 Christi

206 1302 306 1329 cum
342 1287 548 1330 Ecclesia.
583 1288 782 1330 Iamvero
818 1303 1009 1330 uxorum
1044 1287 1269 1344 pluralitas
1296 1287 1396 1330 huic
1423 1287 1500 1330 sini
1529 1303 1619 1329 ma-

207 1357 362 1401 nifeste
410 1360 682 1415 opponitur:
732 1359 818 1401 iam
853 1360 971 1401 enim
1007 1360 1267 1402 coniugium
1303 1374 1392 1401 non
1429 1358 1619 1415 amplius

206 1442 553 1487 repraesentaret
579 1431 791 1473 unionem
813 1430 980 1473 Christi
1006 1445 1106 1472 cum
1133 1446 1214 1473 una
1240 1430 1445 1473 Ecclesia.
1469 1448 1488 1470 «
1509 1430 1620 1472 Ter—

205 1503 317 1544 tium
353 1501 503 1557 finem,
537 1503 595 1545 ait
621 1519 652 1545 s.
679 1502 880 1544 Thomas
905 1502 992 1560 (Ι),
1028 1502 1253 1559 pluralitas
1290 1518 1480 1544 uxorum
1508 1514 1619 1545 tota-

204 1573 301 1616 liter
337 1573 476 1616 tollit:
513 1590 564 1616 eo
600 1573 719 1631 quod
759 1575 872 1616 sicut
905 1574 1112 1617 Christus
1148 1586 1211 1615 est
1238 1589 1368 1629 unus,
1388 1574 1447 1616 ita
1470 1573 1618 1616 Eccle-

204 1647 265 1688 sia
299 1661 398 1688 una.
437 1663 456 1685 )>
495 1646 645 1698 Quare
680 1644 887 1688 Christus
922 1646 1144 1687 Dominus
1181 1645 1322 1701 legem
1358 1644 1409 1687 de
1444 1645 1614 1687 unitate

204 1717 479 1760 matrimonii
516 1732 606 1759 non
640 1717 785 1774 primo
820 1717 1028 1772 instituit,
1068 1716 1142 1759 sed
1176 1716 1383 1771 restituit,
1429 1730 1615 1773 eamque

204 1969 350 2010 tionem,
379 1978 415 2004 ut
441 1981 531 2002 unus
559 1981 681 2003 servus
710 1968 840 2002 multos
868 1969 997 2002 habeat
1025 1968 1202 2002 dominos.
1224 1987 1265 1992 -—-
1290 1966 1534 2009 Hellarminus‚
1563 1979 1618 2012 op.

204 2036 238 2060 et
265 2026 331 2061 loc.
359 2027 425 2065 cit„
454 2036 613 2060 mentem
654 2040 678 2060 s.
709 2027 898 2071 Augustini
932 2027 980 2060 sic
1015 2025 1181 2070 explicat:
1212 2039 1226 2054 a
1254 2026 1331 2059 Hoc
1368 2034 1619 2068 argumentum

201 2098 273 2119 non
301 2087 434 2131 probat,
463 2099 533 2119 non
564 2098 641 2120 esse
671 2086 831 2120 absolute
859 2095 982 2120 contra
1009 2086 1196 2127 rationem,
1225 2095 1261 2119 ut
1289 2097 1377 2119 unus
1404 2086 1456 2118 vir
1482 2084 1612 2118 multas

203 2158 329 2180 uxores
356 2146 485 2180 haheat
511 2146 703 2191 (siquidem
744 2155 795 2180 est
823 2157 993 2189 magnum
1021 2145 1210 2179 discrimen
1237 2145 1329 2179 inter
1355 2144 1616 2178 subiectionem

201 2216 385 2239 servorum
415 2206 457 2238 ad
486 2205 682 2246 dominum,
703 2215 737 2239 et
756 2205 1016 2249 subiectionem
1035 2204 1153 2237 uxoris
1170 2203 1212 2237 ad
1231 2204 1374 2247 virum),
1394 2203 1457 2237 sed
1474 2211 1614 2237 tantum

202 2264 337 2308 probat,
366 2262 484 2297 minus
513 2276 590 2296 esse
619 2263 819 2303 absurdum,
841 2271 877 2297 ut
897 2274 986 2296 unus
1004 2262 1056 2295 vir
1073 2261 1190 2307 plures
1211 2274 1348 2303 uxores,
1370 2273 1476 2306 quam
1496 2270 1532 2295 ut
1547 2272 1617 2295 una

202 2323 328 2357 mulier
354 2323 471 2368 plures
498 2324 594 2357 viros
621 2323 760 2366 habeat,
789 2335 869 2357 cum
895 2323 947 2356 vir
979 2323 1023 2357 sit
1049 2331 1153 2368 caput
1183 2321 1350 2364 mulieris,
1380 2333 1453 2356 non
1487 2330 1616 2356 contra

205 2382 332 2418 mulier
367 2383 441 2415 viri.
471 2397 485 2414 n

246 2449 277 2481 (Ι
298 2450 306 2480 )
336 2442 416 2476 Loc.
444 2454 554 2488 nuper
574 2442 628 2476 cit.
