1705 2787
66 177 226 235 forma,
261 178 395 223 etiarn
429 178 726 224 democratica
758 178 846 238 (1).
869 173 1101 224 Praeterea
1135 180 1333 225 conditio
1369 171 1486 226 bruti

65 262 130 294 est
166 249 294 293 haec:
331 265 422 293 non
457 248 618 293 habere
653 250 906 294 dominium
942 267 1114 307 eorum,
1149 267 1260 309 quae
1283 253 1387 309 agit,
1412 251 1487 295 sed

61 321 114 366 ad
149 337 197 364 ea
221 320 389 379 agenda
412 323 669 366 necessitati
694 323 898 380 physice:
925 339 1019 366 esse
1038 336 1219 380 propter
1238 323 1486 380 hominem,

61 395 245 451 eiusque
279 394 485 437 servituti
518 394 713 438 totaliter
747 411 823 438 seu
849 394 995 453 quoad
1020 396 1167 452 ipsum
1192 411 1286 439 esse
1310 395 1482 440 subiici.

62 468 120 510 At
153 466 293 510 homo
327 465 410 509 sub
443 466 538 523 lege
565 463 707 509 'etiam
742 467 1011 511 monarchae
1055 480 1199 510 servat
1233 467 1486 512 dominium

63 555 249 582 suorum
284 550 464 581 actuum
500 549 543 581 et
575 537 711 581 libere
747 552 980 596 operatur:
1017 554 1191 596 semper
1217 552 1281 583 est
1306 553 1486 597 propter

63 613 225 666 Deum,
260 610 396 653 finem
430 626 564 653 suum
599 611 828 658 ultimum.
863 611 914 654 ad
959 628 1091 669 quem
1126 611 1208 655 sub
1242 612 1485 657 directione

64 696 105 727 et
139 683 299 727 morali
331 683 513 727 vinculo
549 682 657 740 legis
692 685 984 740 semetipsum
1009 683 1143 727 libere
1178 684 1367 729 ordinat.

180 756 235 799 II.
271 754 554 811 Audivimus,
590 771 701 813 quae
744 755 953 798 adversus
1003 756 1313 800 monarchiam
1348 774 1487 815 oppo-

62 840 246 872 nuntur.
282 828 431 872 Liceat
466 843 586 870 nunc
621 826 751 870 nobis
788 828 956 885 aliquas
982 829 1025 870 in
1052 827 1368 873 democratiam
1394 832 1485 873 ani—

63 899 396 943 madversiones
431 898 664 942 subiicere.

154 971 277 1024 Quid
301 983 366 1014 est
391 970 691 1015 democratia?
716 972 790 1013 Est
816 970 1087 1027 gubernium
1111 974 1331 1016 omnium.
1360 993 1379 1015 «
1402 974 1485 1017 Sed

63 1044 235 1100 quaerit
269 1041 491 1099 Taparelli
525 1041 614 1099 (2)
649 1040 831 1085 ubinam
867 1054 946 1093 est,
975 1041 1153 1085 ubinam
1181 1043 1277 1094 fuit,
1303 1043 1484 1087 ubinam

63 1133 157 1159 esse
192 1117 339 1174 potuit
372 1131 527 1159 verum
563 1107 834 1172 gu'be'rniuin
869 1116 1105 1158 omniurn?
1133 1134 1152 1155 »
1181 1117 1312 1165 Nam,
1338 1116 1483 1160 verbis

63 1202 160 1232 utar
193 1189 386 1232 Suaresii
419 1187 506 1246 (3)
530 1205 549 1228 α
577 1199 691 1230 esset
725 1186 899 1230 infinita
924 1186 1127 1229 confusio
1162 1200 1202 1230 et
1228 1191 1482 1239 morositas,

66 1261 98 1303 si
131 1260 350 1317 suffragiis
385 1260 591 1319 omnium
642 1259 758 1316 leges
795 1270 941 1300 essent
991 1257 1307 1302 condendae.»
1346 1260 1483 1313 Quid,

64 1332 184 1391 quod
217 1334 406 1390 ipsemet
439 1333 670 1377 Rousseau
721 1330 794 1389 (4)
844 1342 1023 1373 coactus
1074 1343 1138 1373 est
1188 1332 1293 1374 haec
1327 1332 1480 1376 fateri:

65 1423 85 1446 «
113 1405 238 1448 Tout
272 1403 373 1448 bien
407 1404 623 1456 examine,
658 1405 696 1460 je
731 1419 785 1446 116
819 1404 913 1446 vois
949 1418 1023 1459 pas
1060 1404 1132 1461 qu'
1158 1404 1188 1446 il
1222 1406 1309 1447 soit
1333 1404 1483 1448 desor-

62 1479 172 1521 mais
207 1477 400 1535 possible
434 1492 487 1520 au
512 1477 747 1519 souverain
772 1476 845 1534 (ς)
871 1474 922 1518 de
948 1491 1183 1519 conserver
1209 1479 1349 1533 parmi
1368 1493 1481 1521 nous

62 1549 287 1594 l'exercice
321 1548 373 1592 de
407 1564 474 1591 ses
523 1547 677 1604 droits,
711 1548 746 1590 si
781 1548 817 1590 la
862 1548 945 1590 cite
981 1548 1023 1589 11’
1044 1560 1109 1590 est
1158 1550 1422 1606 tres-petite.
1452 1568 1471 1590 »

133 1771 189 1817 (1)
219 1772 297 1806 «Tse
318 1771 446 1817 peuple
463 1769 611 1816 anglais,
633 1770 681 1804 ait
700 1770 901 1805 Rousseaii,
925 1769 978 1801 Da
999 1772 1106 1802 ronlr.
1130 1780 1193 1801 soc.
1215 1766 1234 1800 l.
1258 1767 1318 1800 ΙΙΙ.
1339 1766 1392 1799 ch.
1420 1777 1482 1809 15„

0 1828 2 1830 ’
62 1842 172 1876 pense
200 1832 274 1866 etre
302 1830 400 1873 libre,
426 1829 451 1863 il
480 1841 518 1864 se
545 1839 686 1874 trompe
715 1828 800 1864 sorr:
830 1827 850 1860 il
879 1839 923 1860 ne
952 1826 1041 1865 l'est,
1070 1838 1138 1871 que
1159 1826 1286 1859 durant
1304 1824 1483 1860 l'election

62 1891 124 1926 des
151 1892 332 1927 membres
361 1892 405 1926 du
432 1890 650 1937 parlement:
679 1890 763 1924 sitot
790 1888 903 1934 qu'ils
932 1896 1012 1921 sont
1042 1886 1127 1928 elus,
1149 1886 1172 1919 il
1200 1894 1253 1920 est
1282 1885 1432 1923 esclave,
1460 1885 1480 1918 il

62 1952 164 1986 n'cst
190 1952 316 1986 rien.»
346 1951 500 1993 Scilicet,
527 1951 634 1990 cives,
663 1950 770 1984 etiam
800 1948 863 1981 sub
891 1947 1123 1988 democratia,
1152 1954 1318 1980 tenentur
1338 1945 1481 1978 obedire

12 2036 15 2038 >
61 2010 209 2056 legibus,
239 2024 327 2057 quas
355 2013 422 2057 ipsi
449 2023 523 2046 non
548 2010 715 2051 tulerunt,
736 2021 825 2053 quae
846 2009 929 2052 ipsis
950 2008 1104 2040 maxime
1125 2005 1322 2050 displicent,
1343 2014 1376 2039 et
1392 2017 1481 2050 quae

60 2080 152 2117 latae
180 2081 264 2107 sunt
292 2072 333 2107 ab
359 2073 419 2114 eis,
448 2083 538 2117 quos
566 2082 673 2115 saepe
701 2082 772 2103 non
795 2069 990 2111 elegerunt,
1011 2079 1092 2101 cum
1114 2067 1177 2110 ipsi
1197 2066 1366 2109 suffragia
1383 2065 1480 2100 alteri

61 2131 251 2166 candidato
278 2143 352 2166 non
379 2131 495 2166 electo
517 2131 691 2164 dederint.
711 2130 746 2162 Si
769 2140 854 2172 ergo
875 2141 915 2161 ex
936 2127 1056 2161 debito
1078 2126 1242 2160 servandi
1264 2125 1362 2171 leges
1385 2125 1484 2160 amit-

61 2190 142 2224 titur
170 2190 418 2236 personalitas,
445 2191 534 2225 haec
563 2190 739 2224 amittitur
766 2189 872 2222 etiam
902 2187 964 2220 snb
992 2186 1222 2220 democratia.

132 2249 188 2294 (2)
215 2250 341 2296 §aggia
368 2262 441 2285 ecc.
470 2250 608 2283 dissert.
638 2249 678 2281 H.
706 2259 782 2291 cap.
810 2258 841 2290 o.
870 2257 967 2279 1111111.
1000 2243 1076 2287 506.

135 2308 191 2353 (3)
216 2310 272 2343 De
300 2309 370 2354 leg.
397 2309 418 2342 l.
446 2310 506 2342 ΙΙΙ.
536 2321 564 2342 c.
593 2318 625 2349 4.
653 2319 685 2340 11.
718 2318 744 2339 1.

134 2357 192 2410 (4)
221 2367 277 2400 Du
305 2372 412 2401 contr.
439 2379 515 2407 soc„
544 2366 564 2399 l.
593 2366 657 2399 ΙΙΙ.
683 2376 710 2398 c.
746 2374 795 2405 (ς.

137 2424 193 2469 (5)
220 2425 295 2459 Iam
321 2425 487 2466 vidimus,
515 2425 679 2470 quisnam
708 2423 750 2457 ad
771 2430 931 2456 mentem
951 2421 1161 2455 Rousseavii
1182 2420 1226 2455 sit
1249 2419 1276 2454 Ie
1290 2421 1472 2454 souverain

67 2484 129 2519 Est
156 2484 323 2530 populus:
351 2485 433 2519 vide
462 2495 577 2529 super.
607 2495 688 2528 pag.
716 2481 769 2523 61.
799 2481 921 2516 adnot.
955 2492 983 2515 1.
