1705 2787
203 181 281 224 Est
313 188 561 238 supremaet
580 181 867 238 independens,
901 182 1080 240 quando
1113 183 1158 225 in
1193 178 1451 225 ordinandis
1487 193 1528 224 et

112 251 344 297 movendis
378 252 424 294 in
457 267 698 295 commune
733 252 903 297 bonum
937 255 1102 298 civium
1135 252 1385 297 actionibus
1418 253 1529 295 nulli

110 326 335 369 altiori·in
370 323 528 367 eodem
563 325 717 369 ordine
751 327 1004 370 auctoritati
1053 327 1273 370 humanae
1325 337 1390 369 est
1425 323 1528 368 sub—

110 397 236 453 iecta,
279 397 338 439 ita
371 407 420 439 ut
453 396 547 438 eius
597 395 992 441 determinationes
1028 398 1314 456 obligativam
1353 398 1444 440 vim
1478 408 1520 439 et

108 467 346 511 efficaciam
379 466 570 510 habeant
603 483 654 510 ex
689 483 743 524 se,
792 485 882 512 non
925 482 1075 513 autem
1109 486 1161 513 ex
1193 485 1415 513 consensu
1450 484 1522 511 ex-

109 555 261 598 presso
294 539 363 583 vel
395 541 529 582 tacito
563 555 639 582 seu
676 556 727 583 ex
760 540 1102 584 confirmatione
1137 542 1322 585 alicuius
1356 541 1527 583 altioris

108 611 153 654 in
188 610 346 654 eodem
365 609 521 653 ordine
540 612 771 668 potestatis
797 611 1031 669 humanae,
1055 628 1077 655 a
1096 628 1180 671 qua
1200 613 1373 670 possint
1392 612 1525 654 etiam

106 679 338 724 invalidari
370 692 445 723 aut
478 681 731 737 temperari.
765 680 832 724 Ad
867 697 960 724 rem
981 683 1142 736 suarez
1167 682 1253 741 (1):
1278 700 1297 723 c<
1326 683 1526 726 Potestas

107 752 251 810 aliqua
284 764 391 795 tunc
425 760 616 809 suprema
650 751 825 808 dicitur,
879 752 1056 811 quando
1106 755 1384 811 superiorem
1434 768 1526 796 non

107 826 402 883 recognoscit:
438 840 542 867 nam
576 840 661 867 vox
694 824 765 867 illa
800 834 991 883 suprema
1015 827 1300 884 negationem
1325 826 1526 883 superio-

106 897 164 939 ris
199 895 396 952 denotat,
431 896 501 938 cui
535 895 659 951 alter,
694 896 770 952 qui
794 911 1049 953 supremam
1074 909 1341 954 potestatem
1362 895 1522 939 habere

105 967 280 1024 dicitur,
319 966 499 1010 obedire
533 980 779 1010 teneatur.»
817 969 935 1010 Haec
955 984 1161 1025 suprema
1196 980 1390 1026 potestas
1426 968 1522 1011 aliis

107 1039 367 1083 nominibus
402 1051 601 1092 vocatur,
631 1041 889 1097 principatus
925 1041 1074 1093 civilis,
1107 1043 1309 1098 primatus
1324 1041 1525 1098 politicus,

106 1113 294 1154 maiestas
329 1126 505 1162 summa,
543 1119 779 1169 supremmn
812 1112 944 1154 civilis
966 1113 1263 1155 iurisdictionis
1283 1113 1525 1155 dominium.

106 1209 158 1214 ——
195 1183 258 1225 Ex
291 1181 452 1239 quibus
487 1194 621 1239 patet,
659 1181 766 1240 quid
800 1184 855 1225 sit
880 1183 1018 1225 civiiis
1038 1185 1278 1226 auctoritas
1298 1184 1524 1242 dependens

106 1265 149 1296 et
182 1251 464 1308 subordinata‚
499 1252 640 1309 qualis
677 1265 741 1294 est
761 1268 807 1294 ea
829 1268 940 1310 quae
959 1254 1168 1296 convenit
1187 1253 1416 1310 praefectis
1436 1253 1525 1312 (2),

104 1339 181 1367 seu
218 1322 466 1367 rectoribus
500 1324 746 1379 civitatum,
781 1325 1148 1381 municipiorum,
1175 1326 1524 1382 provinciarum,

105 1412 155 1439 ex
189 1395 350 1454 quibus
384 1404 525 1452 status,
559 1411 634 1438 seu
671 1397 856 1438 societas
892 1396 1030 1439 civilis
1065 1412 1248 1453 prorsus
1284 1396 1367 1439 sibi
1403 1396 1524 1439 suffi-

104 1470 223 1512 ciens
258 1480 388 1526 atque
422 1466 741 1525 independens,
777 1468 996 1510 coalescit.

193 1541 395 1584 Iamvero
429 1555 548 1582 nunc
582 1540 853 1597 inquirimus
888 1539 939 1582 de
973 1542 1129 1597 origine:
1164 1542 1441 1584 auctoritatis
1466 1542 1524 1584 ci-

102 1612 200 1655 vilis
234 1619 446 1669 supremae
480 1623 522 1654 et
555 1610 872 1668 independentis.
909 1609 1143 1653 Undenam
1179 1627 1226 1653 ea
1251 1623 1315 1654 est
1337 1613 1352 1654 ’ἔ
1388 1612 1524 1665 Quis-

63 1696 70 1701 ·
104 1697 207 1725 nam
231 1694 296 1725 est
319 1683 412 1725 eius
432 1693 586 1725 auctor
621 1693 663 1724 et
695 1682 966 1724 institutor?
1001 1681 1136 1723 Estne
1170 1682 1306 1737 Deus,
1341 1697 1394 1724 an
1419 1697 1524 1725 vero

103 1766 207 1797 sunt
242 1753 464 1811 homines,
518 1754 594 1811 qui
638 1769 734 1796 eam
769 1754 1131 1809 excogitaverunt
1166 1765 1208 1795 et
1252 1752 1523 1797 induxerunt

175 1943 231 1988 (1)
257 1943 405 1977 Defens.
432 1943 491 1977 fid.
519 1942 538 1977 l.
567 1940 626 1977 ΙΙΙ.
656 1954 683 1976 c.
711 1953 741 1985 4.

174 2003 230 2047 (2)
257 2003 305 2037 Ut
334 2003 466 2037 Suarez
494 2003 551 2045 ait,
580 2014 639 2047 op.
669 2011 703 2036 et
732 2002 750 2035 l.
779 2002 837 2036 cit.
865 2013 893 2035 c.
926 2011 965 2040 1.,
996 2014 1010 2029 α
1039 2001 1102 2034 snb
1130 2011 1298 2045 supremo
1326 2001 1523 2047 principatu

105 2074 184 2097 csse
210 2071 362 2108 possunt
388 2061 506 2107 plures
534 2062 794 2106 gubernatores
823 2062 855 2094 in
877 2062 1025 2094 diversis
1044 2061 1248 2105 provinciae
1267 2063 1440 2106 partibus-3
1459 2074 1525 2097 ne-

102 2133 204 2156 cesse
231 2132 284 2157 cst
314 2131 445 2163 autem,
475 2130 511 2155 ut
540 2133 667 2155 omnes
698 2122 754 2155 uni
795 2121 1081 2162 subordinentur,
1110 2122 1142 2154 in
1171 2133 1242 2167 quo
1283 2122 1325 2156 sit
1353 2134 1522 2164 suprema

101 2191 272 2227 potestas.
300 2181 392 2216 Nam
422 2182 450 2215 si
479 2181 597 2226 plures
627 2190 757 2222 essent,
785 2192 850 2214 nec
879 2181 970 2214 inter
996 2192 1033 2213 se
1062 2192 1125 2214 nec
1154 2180 1253 2215 alteri
1290 2182 1522 2222 subordinafi,

103 2240 178 2274 sieri
207 2239 305 2274 nullo
332 2241 443 2274 modo
471 2249 605 2285 posset,
633 2250 669 2274 ut
697 2241 812 2275 unit-‚is
840 2252 902 2273 seu
930 2240 1122 2274 concordia
1150 2250 1183 2274 et
1211 2241 1414 2276 obedientia
1441 2253 1523 2276 cum

103 2301 235 2336 iustitia
252 2309 286 2334 et
306 2312 395 2345 pace
415 2309 725 2342 conservarentur,
746 2310 781 2334 ut
801 2301 885 2334 satis
907 2309 1031 2333 notum
1053 2309 1141 2334 est.»
1164 2299 1218 2334 Cf.
1236 2312 1352 2345 super.
1368 2313 1447 2347 pag.
1464 2302 1520 2345 83.

101 2360 186 2394 Non
214 2360 404 2395 haberetur
431 2369 525 2394 certe
554 2371 621 2394 una
650 2360 803 2394 societas
833 2371 994 2405 unusque
1022 2369 1144 2400 status)
1164 2360 1224 2393 sed
1254 2370 1306 2395 tot
1332 2362 1429 2406 parvi
1457 2370 1525 2395 sta-

103 2429 169 2461 tus,
198 2421 240 2455 ad
261 2432 441 2456 summum
462 2422 547 2455 uniti
571 2422 604 2454 in
625 2420 943 2455 confoederatione
972 2418 1086 2464 aliqua
1116 2421 1190 2453 sive
1218 2419 1298 2453 belli
1327 2421 1401 2454 sive
1421 2432 1524 2454 com-⁶

105 2480 225 2513 mercii
254 2491 372 2514 causa.
