1705 2787
73 177 257 240 pliciter.
291 177 448 237 Primo,
472 194 525 224 ex
548 195 600 224 eo
625 178 745 238 quod
769 192 868 224 tum
892 177 975 224 sub
1006 175 1265 223 monarchia
1287 189 1385 222 tum
1409 173 1493 221 sub

73 250 329 311 polyarchia
362 251 512 310 plures
547 253 744 296 civitates
775 253 1017 296 extiterunt
1051 263 1092 294 et
1125 250 1393 294 floruerunt.
1433 249 1495 293 Se-

73 325 213 382 cnodo,
248 340 300 369 ex
333 339 384 367 eo
419 324 540 383 quod
574 325 626 369 a'd
671 325 791 369 illam
826 325 1112 368 securitatem
1147 339 1194 366 ac
1228 323 1495 381 prosperita-

73 409 178 452 tem,
213 411 326 453 quae
359 394 462 438 finis
497 408 562 438 est
611 396 750 439 civilis
795 396 1025 451 consortii,
1072 393 1378 450 obtinendam,
1411 394 1494 437 tria

73 468 118 511 in
161 482 377 524 supremo
421 466 677 510 ordinatore
711 468 1005 525 requiruntur
1039 479 1082 510 et
1115 465 1360 509 sufficiunt:
1395 467 1422 509 i.
1458 481 1493 507 e.

73 538 208 582 lumen
251 537 533 595 intelligentiae
581 537 633 581 ad
673 537 1038 595 cognoscendum
1073 537 1180 595 quid
1215 535 1496 580 multitudini

75 611 228 655 sociali
261 610 477 669 expediat,
501 611 693 654 rectitudo
732 610 950 654 voluntatis
985 610 1037 654 ad
1071 609 1180 654 illud
1215 609 1336 668 quod
1370 625 1497 667 expe-

76 682 201 727 diens
224 684 372 727 visum
398 695 462 726 est
497 684 666 726 sincere
701 682 960 735 amandum,
995 695 1036 725 et
1059 684 1124 725 vis
1149 683 1420 725 exsecutionis
1445 680 1496 724 ad

78 755 187 800 illud
221 754 338 800 idem
371 755 544 800 fortiter
579 755 864 812 exigendum.
900 756 1037 812 Atqui
1072 755 1178 796 haec
1202 754 1282 796 tria
1309 766 1498 811 possunt

78 827 259 886 quidem
285 843 379 870 esse
413 844 449 870 e.
484 844 524 884 g.
560 828 604 870 in
639 840 767 870 coetu
806 842 1053 884 paucorum
1087 827 1373 882 optimatum,
1407 842 1498 869 non

81 913 231 943 tamen
265 901 310 942 in
345 916 396 943 eo
429 899 704 943 tantummodo
729 899 1010 955 erexi-lasivs,
1042 897 1117 940 sed
1152 910 1341 954 possunt
1365 899 1496 942 etiam

83 972 262 1028 reperiri
296 972 341 1014 in
376 987 467 1014 uno
492 970 675 1013 homine
701 983 775 1013 ant
802 972 841 1012 in
870 983 996 1012 coetu
1026 970 1276 1012 multorum
1301 969 1504 1026 patrnm—'

83 1041 275 1085 familias
302 1042 388 1101 (1).

165 1115 394 1158 Notentur
428 1128 577 1158 tamen
612 1115 709 1157 illae
742 1131 886 1163 voces,
921 1113 1499 1170 anlesedenlerpr‘czcdetermi-

81 1193 149 1227 nat
174 1186 421 1242 praeexigit‚
456 1185 654 1242 itemque
690 1184 787 1227 illae
822 1184 943 1234 aliae*
972 1192 1045 1241 per
1080 1199 1119 1225 se
1153 1183 1361 1240 loquendo.

198 1255 245 1314 a)
280 1255 453 1298 Scilicet
487 1268 739 1312 spectamus
765 1256 1019 1297 societatem
1048 1254 1223 1297 civilem
1250 1254 1399 1312 infieri
1423 1268 1498 1295 seu

81 1335 276 1383 qnatenus
301 1325 646 1384 constitnitm'(2):
673 1340 714 1369 et
738 1327 1025 1383 inquirimus,
1050 1338 1204 1368 utrum
1229 1324 1500 1367 [intercedente]-

83 1396 135 1439 ad
170 1410 311 1440 cetera
337 1397 445 1440 facta
472 1397 667 1440 humana
694 1411 735 1440 et
759 1398 1063 1453 contingentia
1090 1396 1157 1438 lex
1180 1409 1365 1439 naturae
1385 1411 1503 1452 prae-

86 1470 217 1526 cipiat
242 1471 422 1513 retineri
447 1471 640 1527 aliquam
678 1471 910 1527 specialem
947 1469 1153 1511 formam.
1180 1467 1318 1520 Quod
1352 1480 1498 1511 autem

83 1551 365 1599 consequenter
399 1541 452 1585 ad
485 1541 597 1585 facta
634 1541 828 1584 humana
866 1554 907 1583 et
941 1541 1243 1595 contingentia
1271 1539 1330 1595 (e.
1355 1556 1395 1595 g.
1421 1540 1502 1581 ele-

87 1614 284 1656 ctionem
318 1629 339 1655 a
375 1614 702 1656 communitate
739 1614 933 1669 legitime
968 1612 1125 1654 factam
1161 1612 1295 1654 unius
1330 1612 1375 1653 in
1408 1626 1502 1653 mo-

90 1684 324 1743 narcham)
359 1685 428 1728 lex
462 1697 646 1727 naturae
681 1685 839 1740 exigat,
875 1697 923 1726 ut
956 1683 1097 1725 forma
1134 1683 1202 1725 illa
1239 1682 1298 1740 (e.
1333 1699 1373 1739 g.
1409 1698 1503 1726 mo-

86 1756 289 1799 narchica
325 1757 521 1813 legitime
556 1772 631 1813 per
675 1757 934 1799 electionem
973 1755 1239 1812 constituta)
1274 1766 1501 1805 servetur3

92 1826 134 1869 id
168 1835 260 1870 non
308 1828 511 1883 provenit
555 1843 605 1870 ex
639 1843 690 1869 eo
725 1826 844 1884 qnod
892 1827 980 1868 sola
1027 1825 1095 1867 illa
1133 1824 1272 1867 forma
1319 1826 1374 1868 sit
1407 1838 1503 1881 apta

92 1897 376 1941 convenienti
422 1897 522 1940 finis
567 1899 851 1951 assecutioni,
897 1897 969 1939 sed
1016 1914 1065 1939 ex
1100 1896 1194 1938 aliis
1239 1895 1504 1947 rationibus7

87 1980 208 2025 puta⁷
247 1969 349 2025 quia
384 1969 579 2025 legitima
617 1982 735 2025 pacta
774 1981 878 2010 sunt
914 1966 1150 2024 implenda,
1185 1968 1286 2023 quia
1322 1965 1503 2009 donatio

87 2038 290 2082 absoluta
327 2039 464 2083 semel
500 2039 640 2084 valide
675 2040 781 2082 sacta
835 2040 1027 2081 revocari
1065 2053 1155 2080 non
1205 2050 1349 2095 potest
1383 2053 1503 2095 prae-

87 2111 240 2153 sertim
260 2111 295 2153 si
321 2125 507 2153 onerosa
532 2110 630 2165 fuit,
650 2111 751 2167 qnia
769 2109 939 2166 publica
964 2125 1042 2165 pax
1067 2121 1107 2150 et
1132 2109 1344 2151 securitas
1368 2108 1503 2150 semel

88 2180 172 2223 iam
208 2182 252 2224 in
288 2182 462 2224 civitate
497 2182 736 2224 constituta
765 2196 852 2222 non
890 2179 1015 2222 debet
1052 2178 1298 2236 perturbari
1334 2192 1415 2222 etc.
1451 2206 1502 2210 -

159 2414 214 2457 (1)
244 2412 298 2446 (jl'.
326 2413 541 2455 liberatore,
570 2414 622 2445 itis
651 2425 722 2446 soc.
751 2424 846 2445 num.
875 2410 928 2456 67.

162 2472 217 2518 (3)
246 2471 299 2505 (ts.
329 2484 443 2517 snper.
471 2484 551 2517 pag.
585 2483 633 2505 ιι.
