1705 2787
791 65 1054 107 -216—

213 168 271 213 At
305 167 340 212 si
375 168 525 212 civitas
560 168 616 211 sit
650 183 741 212 non
776 169 923 213 solum
973 184 1118 228 parva,
1165 167 1241 213 sed
1284 167 1484 224 minima,
1517 179 1627 226 quot

217 252 492 298 quintasque
526 240 709 282 iniurias
743 242 934 298 patietur
969 258 991 285 a
1024 242 1180 285 vicinis
1213 240 1422 284 statibus!
1477 240 1637 293 Quam¹

216 313 304 355 cito
338 312 459 354 cadet
484 310 566 354 sub
586 327 741 354 eorum
767 314 1006 371 imperium
1033 313 1364 371 ditionemque!
1410 311 1498 355 Ubi
1521 326 1627 394 ergo

220 384 460 426 securitas?
495 382 567 425 ubi
602 386 896 441 prosperitas?

303 456 435 509 Haec,
470 453 601 510 dices,
636 456 781 499 valent
815 457 867 500 de
903 457 1174 501 democratia
1199 466 1324 515 pura.
1360 455 1443 500 Sed
1477 455 1628 500 demo-

216 527 348 569 cratia
382 526 437 568 sit
471 529 829 583 repraesentativa.
866 529 1062 586 Populus
1088 529 1219 585 eligat
1244 528 1429 586 aliquos,
1453 527 1529 584 qui
1553 541 1628 582 po-

214 609 419 640 testatem
440 599 623 640 nomine
644 599 780 654 ipsius
800 612 1045 643 exerceant.
1067 601 1218 653 Quam
1234 598 1344 642 bene
1358 611 1463 641 tunc
1478 598 1629 640 omnia

213 668 467 727 procedent:
506 686 525 708 ‹<
553 669 735 727 simples
770 670 957 714 officiers
978 670 1033 714 du
1070 672 1320 726 souverain,
1355 670 1405 713 ils
1425 679 1629 712 exercent

213 757 265 783 en
300 755 381 783 son
417 755 525 782 nom
560 740 597 782 le
632 742 838 798 pouvoir,
858 741 967 785 dont
992 742 1044 785 ils
1070 741 1130 784 les
1155 756 1177 784 a
1211 740 1307 784 faits
1328 739 1628 797 depositaires,

214 824 256 854 et
289 812 363 869 qu'
389 810 417 854 il
453 823 557 868 peut
592 811 770 867 limites,
806 812 1011 856 modifier
1047 826 1088 856 et
1123 813 1376 871 reprendre,
1411 810 1558 870 quand
1596 809 1626 853 il

213 883 273 926 lui
308 882 412 940 plait
446 883 533 941 (1).
561 901 580 923 »
619 885 771 937 Quare
805 886 998 928 comitiis
1048 885 1175 929 detur
1219 901 1393 943 semper
1444 883 1622 927 initium

214 953 385 997 duabus
418 953 537 997 hisce
571 955 937 1013 quaestionibus:
977 975 997 997 «
1024 958 1057 998 s’
1083 957 1112 1000 il
1145 957 1251 1014 plait
1285 973 1337 999 au
1388 954 1624 999 souverain

214 1026 265 1070 de
300 1042 534 1071 conserver
568 1027 605 1070 la
630 1029 832 1085 presente
856 1028 999 1072 forme
1035 1029 1086 1073 de
1120 1041 1504 1087 gouvernement:
1541 1028 1574 1070 s'
1600 1027 1628 1070 il

214 1098 318 1155 plait
352 1113 403 1140 au
440 1098 597 1156 peuple
631 1098 734 1142 d’en
765 1100 914 1143 laisser
950 1100 1339 1145 l'administration
1373 1103 1395 1143 a
1419 1116 1528 1144 ceux
1552 1099 1625 1157 qui

215 1187 266 1213 en
303 1182 406 1212 sont
439 1171 752 1214 actuellement
785 1171 967 1229 charges
1002 1171 1088 1229 (2).
1112 1191 1131 1211 »
1184 1172 1291 1215 Tria
1326 1184 1500 1215 tantum
1534 1170 1627 1213 bre-

215 1243 360 1285 vitatis
395 1258 522 1285 causa
556 1243 921 1286 animadvertam.
954 1270 1007 1275 —
1031 1244 1078 1302 a)
1103 1245 1312 1296 Quantus
1338 1253 1444 1286 tunc
1463 1241 1628 1300 patebit

218 1313 361 1357 aditus
411 1315 634 1371 perpetuis
689 1314 1045 1358 mutationibus!
1096 1316 1404 1358 Democratiae
1458 1313 1628 1358 indoles

217 1400 368 1427 secum
402 1384 484 1428 fert
519 1385 830 1441 instabilitatem,
870 1401 972 1428 cum
1007 1401 1091 1443 qua
1126 1387 1337 1428 securitas
1386 1386 1629 1428 consistere

216 1456 287 1498 vix
321 1468 480 1512 potest.
517 1483 569 1487 —
604 1456 648 1514 h)
683 1457 868 1513 Insuper
902 1457 937 1498 si
972 1457 1128 1499 electio
1163 1455 1326 1500 iudicio
1351 1455 1488 1513 plebis
1508 1471 1628 1499 com-

215 1528 347 1569 missa
381 1540 460 1583 est,
495 1543 627 1585 quam
663 1527 784 1570 facile
818 1528 1023 1585 suffragia
1058 1544 1149 1571 non
1175 1527 1279 1570 boni
1303 1543 1349 1570 ac
1374 1528 1628 1585 prudentes,

214 1599 288 1641 sed
323 1599 446 1642 stulti
481 1612 611 1657 atque
640 1601 772 1642 etiam
807 1600 950 1657 iniqui
983 1599 1284 1643 obtinebunt!
1323 1626 1374 1630 —
1424 1600 1465 1658 c)
1502 1601 1628 1652 Quot

215 1668 392 1714 tandem
418 1682 549 1713 erunt
593 1669 835 1713 electores?
869 1670 929 1712 Ut
973 1670 1031 1712 ait
1075 1670 1235 1713 Caesar
1271 1670 1417 1712 Cantu
1444 1669 1531 1728 (3),
1583 1670 1627 1712 in

285 1914 341 1957 (1)
371 1914 427 1947 Du
455 1918 561 1948 contr.
589 1925 664 1956 soc„
695 1912 714 1947 1.
742 1913 802 1947 ΙΙΙ.
831 1924 860 1947 c.
891 1924 920 1947 1.

283 1973 340 2017 (2)
369 1973 454 2007 Ibid.
493 1985 523 2007 c.
557 1974 607 2007 18.

286 2032 341 2076 (3)
368 2032 414 2066 St.
446 2033 539 2066 univ.
566 2042 589 2066 t.
620 2043 649 2076 ς.
678 2043 757 2077 pag.
787 2043 842 2074 24.
872 2051 913 2057 —
944 2032 1037 2076 Apte
1065 2029 1199 2071 Gerdil,
1227 2029 1270 2064 dn
1297 2028 1480 2063 souverain
1497 2039 1529 2073 p.
1552 2038 1628 2073 30.:

217 2102 231 2119 a
252 2091 349 2124 Dans
378 2090 409 2125 la
438 2091 669 2133 demet-ratic,
699 2091 839 2125 suivant
866 2089 899 2124 la
926 2089 1115 2124 definition
1133 2088 1339 2129 d'Aristote,
1360 2086 1392 2121 le
1413 2087 1557 2132 citoyen
1578 2095 1631 2121 est

213 2150 315 2191 celui,
342 2151 446 2195 quia
487 2151 580 2184 droit
612 2151 654 2184 de
696 2150 864 2196 suffrage.
903 2150 951 2184 Le
990 2157 1276 2183 commentateur
1312 2146 1540 2192 Burlamaqui
1580 2146 1630 2180 dit

213 2211 269 2254 qu'
285 2222 352 2243 une
381 2211 515 2245 societe
544 2211 626 2244 bien
654 2210 773 2256 reglee
801 2223 845 2244 ne
873 2210 948 2244 doit
976 2221 1037 2252 pas
1066 2209 1241 2243 admettre
1269 2219 1287 2241 a
1306 2218 1345 2241 ce
1367 2218 1455 2252 rang
1473 2217 1541 2240 une
1559 2205 1629 2239 vile

211 2268 397 2314 populace,
426 2269 652 2303 c'est-a-dire
681 2281 750 2314 que
779 2269 866 2303 dans
893 2281 939 2302 un
967 2275 1252 2314 gouvernement
1280 2267 1398 2299 meme
1440 2264 1630 2298 democra-

211 2327 306 2372 tique
333 2328 415 2361 bien
442 2328 631 2367 constitue,
659 2327 680 2360 il
710 2341 733 2373 y
761 2340 779 2362 a
807 2340 854 2362 un
880 2326 1008 2373 peuple
1035 2327 1093 2372 qui
1121 2324 1334 2360 commande
1367 2332 1401 2358 et
1431 2334 1477 2357 un
1498 2321 1625 2368 peuple

213 2385 271 2430 qui
299 2394 353 2420 est
380 2386 540 2430 assujetti
569 2388 587 2420 a
617 2385 793 2420 l'autorite
821 2386 864 2420 de
891 2385 1014 2420 l’autre
1049 2385 1172 2430 partie,
1200 2394 1282 2416 sans
1320 2395 1343 2428 y
1365 2381 1465 2416 avoir
1491 2391 1629 2415 aucune

214 2452 299 2490 part.
329 2443 415 2479 Cela
443 2455 577 2489 prom-e
604 2444 683 2479 bien
713 2455 758 2490 qu
775 2443 807 2477 'il
837 2456 858 2478 n
879 2445 912 2491 ’y
942 2455 959 2478 a
1001 2454 1114 2477 aucun
1154 2448 1440 2489 gouvernement
1468 2441 1514 2474 oia
1541 2437 1630 2474 Pau-
