<?xml version="1.0" encoding="UTF-8"?>
<!DOCTYPE html PUBLIC "-//W3C//DTD XHTML 1.0 Transitional//EN"
    "http://www.w3.org/TR/xhtml1/DTD/xhtml1-transitional.dtd">
<html xmlns="http://www.w3.org/1999/xhtml" xml:lang="en" lang="en">
 <head>
  <title>
</title>
<meta http-equiv="Content-Type" content="text/html;charset=utf-8" />
  <meta name='ocr-system' content='tesseract 3.04.00' />
  <meta name='ocr-capabilities' content='ocr_page ocr_carea ocr_par ocr_line ocrx_word'/>
</head>
<body>
  <div class='ocr_page' id='page_1' title='image "./institutionesphi03ferr_0202.png"; bbox 0 0 1705 2787; ppageno 0'>
   <div class='ocr_carea' id='block_1_1' title="bbox 807 49 1065 106">
    <p class='ocr_par' dir='ltr' id='par_1_1' title="bbox 807 49 1065 106">
     <span class='ocr_line' id='line_1_1' title="bbox 807 49 1065 106; baseline 0.004 -24"><span class='ocrx_word' id='word_1_1' title='bbox 807 49 1065 106; x_wconf 47' lang='lat'>*193*-</span> 
     </span>
    </p>
   </div>
   <div class='ocr_carea' id='block_1_2' title="bbox 225 149 1644 771">
    <p class='ocr_par' dir='ltr' id='par_1_2' title="bbox 228 149 1644 284">
     <span class='ocr_line' id='line_1_2' title="bbox 229 149 1644 214; baseline -0.001 -16"><span class='ocrx_word' id='word_1_2' title='bbox 229 167 306 199; x_wconf 82' lang='lat' dir='ltr'>sua</span> <span class='ocrx_word' id='word_1_3' title='bbox 340 149 523 211; x_wconf 78' lang='lat' dir='ltr'><strong>confert,</strong></span> <span class='ocrx_word' id='word_1_4' title='bbox 558 164 712 212; x_wconf 85' lang='lat' dir='ltr'>utpote</span> <span class='ocrx_word' id='word_1_5' title='bbox 747 150 853 214; x_wconf 89' lang='lat' dir='ltr'>quid</span> <span class='ocrx_word' id='word_1_6' title='bbox 887 152 1156 213; x_wconf 86' lang='lat' dir='ltr'>requisitum</span> <span class='ocrx_word' id='word_1_7' title='bbox 1190 166 1214 196; x_wconf 81' lang='lat' dir='ltr'>a</span> <span class='ocrx_word' id='word_1_8' title='bbox 1237 163 1394 197; x_wconf 81' lang='lat' dir='ltr'>natura</span> <span class='ocrx_word' id='word_1_9' title='bbox 1417 150 1644 198; x_wconf 90' lang='lat' dir='ltr'>consocia-</span> 
     </span>
     <span class='ocr_line' id='line_1_3' title="bbox 228 224 1399 284; baseline -0.002 -14"><span class='ocrx_word' id='word_1_10' title='bbox 228 226 362 271; x_wconf 84' lang='lat' dir='ltr'>tionis</span> <span class='ocrx_word' id='word_1_11' title='bbox 399 225 616 284; x_wconf 81' lang='lat' dir='ltr'>politicae,</span> <span class='ocrx_word' id='word_1_12' title='bbox 637 240 771 284; x_wconf 81' lang='lat' dir='ltr'>quam</span> <span class='ocrx_word' id='word_1_13' title='bbox 805 226 994 283; x_wconf 80' lang='lat' dir='ltr'><strong>ipsemet</strong></span> <span class='ocrx_word' id='word_1_14' title='bbox 1027 225 1122 270; x_wconf 89' lang='lat' dir='ltr'>vult</span> <span class='ocrx_word' id='word_1_15' title='bbox 1155 237 1198 269; x_wconf 90' lang='lat' dir='ltr'>et</span> <span class='ocrx_word' id='word_1_16' title='bbox 1233 224 1399 270; x_wconf 88' lang='lat' dir='ltr'>condit.</span> 
     </span>
    </p>

    <p class='ocr_par' dir='ltr' id='par_1_3' title="bbox 225 295 1644 771">
     <span class='ocr_line' id='line_1_4' title="bbox 316 295 1637 353; baseline 0 -15"><span class='ocrx_word' id='word_1_17' title='bbox 316 298 532 350; x_wconf 77' lang='lat' dir='ltr'>Quaestio</span> <span class='ocrx_word' id='word_1_18' title='bbox 567 311 660 338; x_wconf 86' lang='lat' dir='ltr'>esse</span> <span class='ocrx_word' id='word_1_19' title='bbox 696 297 858 353; x_wconf 89' lang='lat' dir='ltr'>poterit</span> <span class='ocrx_word' id='word_1_20' title='bbox 892 295 943 340; x_wconf 90' lang='lat' dir='ltr'>de</span> <span class='ocrx_word' id='word_1_21' title='bbox 979 296 1165 352; x_wconf 66' lang='lat' dir='ltr'>subiecto,</span> <span class='ocrx_word' id='word_1_22' title='bbox 1201 296 1271 339; x_wconf 89' lang='lat' dir='ltr'>cui</span> <span class='ocrx_word' id='word_1_23' title='bbox 1295 296 1415 339; x_wconf 87' lang='lat' dir='ltr'>Deus</span> <span class='ocrx_word' id='word_1_24' title='bbox 1432 295 1569 353; x_wconf 76' lang='lat' dir='ltr'>primo</span> <span class='ocrx_word' id='word_1_25' title='bbox 1596 307 1637 339; x_wconf 92' lang='lat' dir='ltr'>et</span> 
     </span>
     <span class='ocr_line' id='line_1_5' title="bbox 229 366 1644 412; baseline 0 -1"><span class='ocrx_word' id='word_1_26' title='bbox 229 369 455 412; x_wconf 78' lang='lat' dir='ltr'><em>immediate</em></span> <span class='ocrx_word' id='word_1_27' title='bbox 490 366 660 410; x_wconf 80' lang='lat' dir='ltr'>confert</span> <span class='ocrx_word' id='word_1_28' title='bbox 697 367 941 412; x_wconf 91' lang='lat' dir='ltr'>illiusmodi</span> <span class='ocrx_word' id='word_1_29' title='bbox 965 369 1083 411; x_wconf 82' lang='lat' dir='ltr'>iura:</span> <span class='ocrx_word' id='word_1_30' title='bbox 1110 380 1263 411; x_wconf 91' lang='lat' dir='ltr'>utrum</span> <span class='ocrx_word' id='word_1_31' title='bbox 1290 383 1428 410; x_wconf 88' lang='lat' dir='ltr'>necne</span> <span class='ocrx_word' id='word_1_32' title='bbox 1452 368 1572 411; x_wconf 88' lang='lat' dir='ltr'>Deus</span> <span class='ocrx_word' id='word_1_33' title='bbox 1597 383 1644 411; x_wconf 86' lang='lat' dir='ltr'>ea</span> 
     </span>
     <span class='ocr_line' id='line_1_6' title="bbox 228 438 1644 496; baseline -0.001 -13"><span class='ocrx_word' id='word_1_34' title='bbox 228 439 423 483; x_wconf 86' lang='lat' dir='ltr'>conferat</span> <span class='ocrx_word' id='word_1_35' title='bbox 459 440 603 496; x_wconf 90' lang='lat' dir='ltr'>primo</span> <span class='ocrx_word' id='word_1_36' title='bbox 638 451 679 482; x_wconf 88' lang='lat' dir='ltr'>et</span> <span class='ocrx_word' id='word_1_37' title='bbox 714 438 971 483; x_wconf 79' lang='lat' dir='ltr'>immediate</span> <span class='ocrx_word' id='word_1_38' title='bbox 1006 440 1350 484; x_wconf 68' lang='lat' dir='ltr'>communitati?</span> <span class='ocrx_word' id='word_1_39' title='bbox 1381 438 1464 482; x_wconf 89' lang='lat' dir='ltr'>Sed</span> <span class='ocrx_word' id='word_1_40' title='bbox 1489 438 1540 482; x_wconf 90' lang='lat' dir='ltr'>de</span> <span class='ocrx_word' id='word_1_41' title='bbox 1560 438 1644 482; x_wconf 92' lang='lat' dir='ltr'>hoc</span> 
     </span>
     <span class='ocr_line' id='line_1_7' title="bbox 228 507 1644 566; baseline 0.001 -15"><span class='ocrx_word' id='word_1_42' title='bbox 228 509 466 565; x_wconf 83' lang='lat' dir='ltr'>disputare,</span> <span class='ocrx_word' id='word_1_43' title='bbox 490 511 680 566; x_wconf 83' lang='lat' dir='ltr'>pertinet</span> <span class='ocrx_word' id='word_1_44' title='bbox 714 508 766 553; x_wconf 86' lang='lat' dir='ltr'>ad</span> <span class='ocrx_word' id='word_1_45' title='bbox 800 510 905 552; x_wconf 90' lang='lat' dir='ltr'>alias</span> <span class='ocrx_word' id='word_1_46' title='bbox 941 508 1104 565; x_wconf 79' lang='lat' dir='ltr'>theses,</span> <span class='ocrx_word' id='word_1_47' title='bbox 1139 510 1184 552; x_wconf 91' lang='lat' dir='ltr'>in</span> <span class='ocrx_word' id='word_1_48' title='bbox 1209 508 1371 566; x_wconf 90' lang='lat' dir='ltr'>quibus</span> <span class='ocrx_word' id='word_1_49' title='bbox 1396 507 1448 551; x_wconf 88' lang='lat' dir='ltr'>de</span> <span class='ocrx_word' id='word_1_50' title='bbox 1472 509 1644 565; x_wconf 84' lang='lat' dir='ltr'>origine</span> 
     </span>
     <span class='ocr_line' id='line_1_8' title="bbox 228 579 1644 638; baseline 0 -15"><span class='ocrx_word' id='word_1_51' title='bbox 228 580 395 637; x_wconf 86' lang='lat' dir='ltr'>politici</span> <span class='ocrx_word' id='word_1_52' title='bbox 420 581 691 638; x_wconf 77' lang='lat' dir='ltr'>principatus</span> <span class='ocrx_word' id='word_1_53' title='bbox 725 583 768 624; x_wconf 81' lang='lat' dir='ltr'>in</span> <span class='ocrx_word' id='word_1_54' title='bbox 796 580 1045 638; x_wconf 78' lang='lat' dir='ltr'>particulari</span> <span class='ocrx_word' id='word_1_55' title='bbox 1077 596 1275 638; x_wconf 86' lang='lat' dir='ltr'>agemus,</span> <span class='ocrx_word' id='word_1_56' title='bbox 1319 592 1361 623; x_wconf 90' lang='lat' dir='ltr'>et</span> <span class='ocrx_word' id='word_1_57' title='bbox 1409 579 1644 636; x_wconf 84' lang='lat' dir='ltr'>theoriam,</span> 
     </span>
     <span class='ocr_line' id='line_1_9' title="bbox 225 651 1641 711; baseline 0.001 -17"><span class='ocrx_word' id='word_1_58' title='bbox 225 667 357 709; x_wconf 87' lang='lat' dir='ltr'>quam</span> <span class='ocrx_word' id='word_1_59' title='bbox 393 651 470 695; x_wconf 84' lang='lat' dir='ltr'>hac</span> <span class='ocrx_word' id='word_1_60' title='bbox 505 653 548 695; x_wconf 87' lang='lat' dir='ltr'>in</span> <span class='ocrx_word' id='word_1_61' title='bbox 584 668 628 695; x_wconf 89' lang='lat' dir='ltr'>re</span> <span class='ocrx_word' id='word_1_62' title='bbox 663 652 860 710; x_wconf 82' lang='lat' dir='ltr'>plerique</span> <span class='ocrx_word' id='word_1_63' title='bbox 895 665 1103 697; x_wconf 86' lang='lat' dir='ltr'>veterum</span> <span class='ocrx_word' id='word_1_64' title='bbox 1127 651 1417 708; x_wconf 84' lang='lat' dir='ltr'>admiserunt,</span> <span class='ocrx_word' id='word_1_65' title='bbox 1451 666 1641 711; x_wconf 85' lang='lat' dir='ltr'>expone-</span> 
     </span>
     <span class='ocr_line' id='line_1_10' title="bbox 226 723 804 771; baseline 0.003 -4"><span class='ocrx_word' id='word_1_66' title='bbox 226 739 324 768; x_wconf 86' lang='lat' dir='ltr'>mus</span> <span class='ocrx_word' id='word_1_67' title='bbox 359 736 400 768; x_wconf 86' lang='lat' dir='ltr'>et</span> <span class='ocrx_word' id='word_1_68' title='bbox 434 723 804 771; x_wconf 70' lang='lat' dir='ltr'>examinabimus,</span> 
     </span>
    </p>
   </div>
   <div class='ocr_carea' id='block_1_3' title="bbox 810 953 1065 983">
    <p class='ocr_par' dir='ltr' id='par_1_4' title="bbox 810 953 1065 983">
     <span class='ocr_line' id='line_1_11' title="bbox 810 953 1065 983; baseline 0 0"><span class='ocrx_word' id='word_1_69' title='bbox 810 953 960 983; x_wconf 84' lang='lat' dir='ltr'>THESIS</span> <span class='ocrx_word' id='word_1_70' title='bbox 996 954 1065 983; x_wconf 80' lang='lat' dir='ltr'>LX.</span> 
     </span>
    </p>
   </div>
   <div class='ocr_carea' id='block_1_4' title="bbox 236 1082 1644 1213">
    <p class='ocr_par' dir='ltr' id='par_1_5' title="bbox 236 1082 1644 1213">
     <span class='ocr_line' id='line_1_12' title="bbox 236 1082 1644 1140; baseline 0.001 -15"><span class='ocrx_word' id='word_1_71' title='bbox 236 1082 421 1140; x_wconf 72' lang='lat' dir='ltr'>Quaevis</span> <span class='ocrx_word' id='word_1_72' title='bbox 460 1082 582 1139; x_wconf 78' lang='lat' dir='ltr'>igitur</span> <span class='ocrx_word' id='word_1_73' title='bbox 616 1082 782 1138; x_wconf 78' lang='lat' dir='ltr'>theoria,</span> <span class='ocrx_word' id='word_1_74' title='bbox 816 1097 914 1140; x_wconf 72' lang='lat' dir='ltr'>quac</span> <span class='ocrx_word' id='word_1_75' title='bbox 948 1082 1104 1125; x_wconf 78' lang='lat' dir='ltr'>civilem</span> <span class='ocrx_word' id='word_1_76' title='bbox 1122 1083 1401 1140; x_wconf 76' lang='lat' dir='ltr'>principatum</span> <span class='ocrx_word' id='word_1_77' title='bbox 1433 1083 1476 1126; x_wconf 81' lang='lat' dir='ltr'>in</span> <span class='ocrx_word' id='word_1_78' title='bbox 1510 1098 1549 1126; x_wconf 76' lang='lat' dir='ltr'>se</span> <span class='ocrx_word' id='word_1_79' title='bbox 1582 1083 1644 1126; x_wconf 82' lang='lat' dir='ltr'>in·</span> 
     </span>
     <span class='ocr_line' id='line_1_13' title="bbox 345 1153 1643 1213; baseline 0 -16"><span class='ocrx_word' id='word_1_80' title='bbox 345 1162 519 1213; x_wconf 78' lang='lat' dir='ltr'>spectum</span> <span class='ocrx_word' id='word_1_81' title='bbox 553 1153 602 1197; x_wconf 82' lang='lat' dir='ltr'>ab</span> <span class='ocrx_word' id='word_1_82' title='bbox 636 1153 817 1196; x_wconf 72' lang='lat' dir='ltr'>humana</span> <span class='ocrx_word' id='word_1_83' title='bbox 849 1156 1109 1197; x_wconf 72' lang='lat' dir='ltr'>conventione</span> <span class='ocrx_word' id='word_1_84' title='bbox 1131 1154 1303 1210; x_wconf 74' lang='lat' dir='ltr'>derivat,</span> <span class='ocrx_word' id='word_1_85' title='bbox 1323 1163 1376 1197; x_wconf 77' lang='lat' dir='ltr'>cst</span> <span class='ocrx_word' id='word_1_86' title='bbox 1408 1153 1643 1206; x_wconf 73' lang='lat' dir='ltr'>reiicienda,</span> 
     </span>
    </p>
   </div>
   <div class='ocr_carea' id='block_1_5' title="bbox 221 1297 1681 1982">
    <p class='ocr_par' dir='ltr' id='par_1_6' title="bbox 221 1297 1681 1982">
     <span class='ocr_line' id='line_1_14' title="bbox 318 1297 1646 1354; baseline 0 -14"><span class='ocrx_word' id='word_1_87' title='bbox 318 1300 411 1341; x_wconf 87' lang='lat'>161.</span> <span class='ocrx_word' id='word_1_88' title='bbox 452 1299 826 1343; x_wconf 78' lang='lat' dir='ltr'>DEMONSTRATIO.</span> <span class='ocrx_word' id='word_1_89' title='bbox 862 1297 1147 1354; x_wconf 68' lang='lat' dir='ltr'>Tlieoria‚d1c</span> <span class='ocrx_word' id='word_1_90' title='bbox 1180 1306 1333 1340; x_wconf 78' lang='lat' dir='ltr'>contrat</span> <span class='ocrx_word' id='word_1_91' title='bbox 1357 1297 1495 1354; x_wconf 82' lang='lat' dir='ltr'>social‚</span> <span class='ocrx_word' id='word_1_92' title='bbox 1519 1297 1646 1340; x_wconf 84' lang='lat' dir='ltr'>aliae-</span> 
     </span>
     <span class='ocr_line' id='line_1_15' title="bbox 222 1369 1646 1427; baseline 0 -15"><span class='ocrx_word' id='word_1_93' title='bbox 222 1384 308 1427; x_wconf 85' lang='lat' dir='ltr'>que</span> <span class='ocrx_word' id='word_1_94' title='bbox 342 1369 445 1413; x_wconf 90' lang='lat' dir='ltr'>huic</span> <span class='ocrx_word' id='word_1_95' title='bbox 488 1370 659 1413; x_wconf 87' lang='lat' dir='ltr'>similes</span> <span class='ocrx_word' id='word_1_96' title='bbox 710 1370 906 1412; x_wconf 85' lang='lat' dir='ltr'>theoriae</span> <span class='ocrx_word' id='word_1_97' title='bbox 956 1371 1000 1412; x_wconf 88' lang='lat' dir='ltr'>in</span> <span class='ocrx_word' id='word_1_98' title='bbox 1036 1370 1114 1412; x_wconf 86' lang='lat' dir='ltr'>hac</span> <span class='ocrx_word' id='word_1_99' title='bbox 1166 1384 1321 1412; x_wconf 91' lang='lat' dir='ltr'>omnes</span> <span class='ocrx_word' id='word_1_100' title='bbox 1372 1370 1646 1413; x_wconf 90' lang='lat' dir='ltr'>conveniunt</span> 
     </span>
     <span class='ocr_line' id='line_1_16' title="bbox 221 1440 1644 1499; baseline 0.001 -16"><span class='ocrx_word' id='word_1_101' title='bbox 221 1442 487 1484; x_wconf 78' lang='lat' dir='ltr'>assertione:</span> <span class='ocrx_word' id='word_1_102' title='bbox 525 1440 662 1495; x_wconf 86' lang='lat' dir='ltr'>Quod</span> <span class='ocrx_word' id='word_1_103' title='bbox 718 1442 807 1484; x_wconf 87' lang='lat' dir='ltr'>sint</span> <span class='ocrx_word' id='word_1_104' title='bbox 842 1453 1034 1484; x_wconf 86' lang='lat' dir='ltr'>rectores</span> <span class='ocrx_word' id='word_1_105' title='bbox 1084 1456 1160 1484; x_wconf 93' lang='lat' dir='ltr'>seu</span> <span class='ocrx_word' id='word_1_106' title='bbox 1211 1442 1431 1499; x_wconf 87' lang='lat' dir='ltr'>principes</span> <span class='ocrx_word' id='word_1_107' title='bbox 1481 1441 1644 1498; x_wconf 81' lang='lat' dir='ltr'>civiles,</span> 
     </span>
     <span class='ocr_line' id='line_1_17' title="bbox 224 1511 1644 1570; baseline 0.001 -16"><span class='ocrx_word' id='word_1_108' title='bbox 224 1511 307 1555; x_wconf 87' lang='lat' dir='ltr'>hoc</span> <span class='ocrx_word' id='word_1_109' title='bbox 354 1524 419 1555; x_wconf 89' lang='lat' dir='ltr'>est</span> <span class='ocrx_word' id='word_1_110' title='bbox 465 1512 720 1556; x_wconf 82' lang='lat' dir='ltr'>adinventio</span> <span class='ocrx_word' id='word_1_111' title='bbox 770 1512 1030 1556; x_wconf 86' lang='lat' dir='ltr'>hominum:</span> <span class='ocrx_word' id='word_1_112' title='bbox 1068 1512 1272 1555; x_wconf 86' lang='lat' dir='ltr'>homines</span> <span class='ocrx_word' id='word_1_113' title='bbox 1316 1511 1512 1569; x_wconf 83' lang='lat' dir='ltr'>fuerunt,</span> <span class='ocrx_word' id='word_1_114' title='bbox 1568 1513 1644 1570; x_wconf 84' lang='lat' dir='ltr'>qui</span> 
     </span>
     <span class='ocr_line' id='line_1_18' title="bbox 221 1581 1644 1640; baseline 0.001 -16"><span class='ocrx_word' id='word_1_115' title='bbox 221 1583 593 1639; x_wconf 79' lang='lat' dir='ltr'>excogitaverunt</span> <span class='ocrx_word' id='word_1_116' title='bbox 628 1583 931 1640; x_wconf 82' lang='lat' dir='ltr'>principatum</span> <span class='ocrx_word' id='word_1_117' title='bbox 967 1582 1216 1640; x_wconf 87' lang='lat' dir='ltr'>politicum,</span> <span class='ocrx_word' id='word_1_118' title='bbox 1251 1598 1442 1640; x_wconf 88' lang='lat' dir='ltr'>eumque</span> <span class='ocrx_word' id='word_1_119' title='bbox 1461 1581 1644 1626; x_wconf 86' lang='lat' dir='ltr'>induxe-</span> 
     </span>
     <span class='ocr_line' id='line_1_19' title="bbox 224 1652 1643 1710; baseline 0 -15"><span class='ocrx_word' id='word_1_120' title='bbox 224 1664 329 1696; x_wconf 88' lang='lat' dir='ltr'>runt</span> <span class='ocrx_word' id='word_1_121' title='bbox 353 1668 428 1710; x_wconf 89' lang='lat' dir='ltr'>per</span> <span class='ocrx_word' id='word_1_122' title='bbox 449 1654 700 1696; x_wconf 85' lang='lat' dir='ltr'>cessionem</span> <span class='ocrx_word' id='word_1_123' title='bbox 726 1653 1043 1696; x_wconf 81' lang='lat' dir='ltr'>communitati</span> <span class='ocrx_word' id='word_1_124' title='bbox 1062 1652 1219 1696; x_wconf 82' lang='lat' dir='ltr'>factam</span> <span class='ocrx_word' id='word_1_125' title='bbox 1236 1654 1441 1696; x_wconf 89' lang='lat' dir='ltr'>omnium</span> <span class='ocrx_word' id='word_1_126' title='bbox 1461 1654 1643 1708; x_wconf 80' lang='lat' dir='ltr'>iurium,</span> 
     </span>
     <span class='ocr_line' id='line_1_20' title="bbox 225 1723 1642 1783; baseline 0.001 -18"><span class='ocrx_word' id='word_1_127' title='bbox 225 1739 277 1766; x_wconf 78' lang='lat' dir='ltr'>ex</span> <span class='ocrx_word' id='word_1_128' title='bbox 311 1739 505 1781; x_wconf 87' lang='lat' dir='ltr'>quorum</span> <span class='ocrx_word' id='word_1_129' title='bbox 540 1739 716 1766; x_wconf 82' lang='lat' dir='ltr'>summa</span> <span class='ocrx_word' id='word_1_130' title='bbox 752 1740 828 1767; x_wconf 87' lang='lat' dir='ltr'>seu</span> <span class='ocrx_word' id='word_1_131' title='bbox 876 1725 1193 1782; x_wconf 81' lang='lat' dir='ltr'>aggregatione</span> <span class='ocrx_word' id='word_1_132' title='bbox 1229 1725 1321 1781; x_wconf 88' lang='lat' dir='ltr'>ipse</span> <span class='ocrx_word' id='word_1_133' title='bbox 1356 1724 1538 1767; x_wconf 84' lang='lat' dir='ltr'>resultat</span> <span class='ocrx_word' id='word_1_134' title='bbox 1556 1723 1642 1783; x_wconf 81' lang='grc' dir='ltr'>(Ι).</span> 
     </span>
     <span class='ocr_line' id='line_1_21' title="bbox 224 1794 1642 1853; baseline 0 -16"><span class='ocrx_word' id='word_1_135' title='bbox 224 1795 369 1838; x_wconf 88' lang='lat' dir='ltr'>Huius</span> <span class='ocrx_word' id='word_1_136' title='bbox 393 1796 649 1838; x_wconf 86' lang='lat' dir='ltr'>assertionis</span> <span class='ocrx_word' id='word_1_137' title='bbox 668 1794 831 1838; x_wconf 83' lang='lat' dir='ltr'>falsitas</span> <span class='ocrx_word' id='word_1_138' title='bbox 858 1811 913 1838; x_wconf 82' lang='lat' dir='ltr'>ex</span> <span class='ocrx_word' id='word_1_139' title='bbox 938 1795 1226 1853; x_wconf 81' lang='lat' dir='ltr'>praecedente</span> <span class='ocrx_word' id='word_1_140' title='bbox 1255 1794 1369 1838; x_wconf 90' lang='lat' dir='ltr'>thesi</span> <span class='ocrx_word' id='word_1_141' title='bbox 1395 1794 1642 1838; x_wconf 84' lang='lat' dir='ltr'>luculenter</span> 
     </span>
     <span class='ocr_line' id='line_1_22' title="bbox 222 1866 1681 1925; baseline 0 -17"><span class='ocrx_word' id='word_1_142' title='bbox 222 1879 411 1924; x_wconf 81' lang='lat' dir='ltr'>apparet.</span> <span class='ocrx_word' id='word_1_143' title='bbox 427 1868 541 1911; x_wconf 90' lang='lat' dir='ltr'>Hinc</span> <span class='ocrx_word' id='word_1_144' title='bbox 557 1882 701 1925; x_wconf 73' lang='lat' dir='ltr'>pauca</span> <span class='ocrx_word' id='word_1_145' title='bbox 724 1879 920 1920; x_wconf 81' lang='lat' dir='ltr'>tantum,</span> <span class='ocrx_word' id='word_1_146' title='bbox 943 1867 1139 1911; x_wconf 84' lang='lat' dir='ltr'>clarioris</span> <span class='ocrx_word' id='word_1_147' title='bbox 1161 1866 1465 1925; x_wconf 82' lang='lat' dir='ltr'>explicationis</span> <span class='ocrx_word' id='word_1_148' title='bbox 1490 1866 1643 1924; x_wconf 85' lang='lat' dir='ltr'>gratia,</span> <span class='ocrx_word' id='word_1_149' title='bbox 1678 1876 1681 1877; x_wconf 72' lang='grc'>’</span> 
     </span>
     <span class='ocr_line' id='line_1_23' title="bbox 221 1937 450 1982; baseline 0.009 -2"><span class='ocrx_word' id='word_1_150' title='bbox 221 1937 450 1982; x_wconf 75' lang='lat' dir='ltr'>addemus,</span> 
     </span>
    </p>
   </div>
   <div class='ocr_carea' id='block_1_6' title="bbox 227 2110 435 2118">
    <p class='ocr_par' dir='ltr' id='par_1_7' title="bbox 227 2110 435 2118">
     <span class='ocr_line' id='line_1_24' title="bbox 227 2110 435 2118; baseline 0 0"><span class='ocrx_word' id='word_1_151' title='bbox 227 2110 435 2118; x_wconf 95' lang='lat' dir='ltr'> </span> 
     </span>
    </p>
   </div>
   <div class='ocr_carea' id='block_1_7' title="bbox 216 2179 1647 2464">
    <p class='ocr_par' dir='ltr' id='par_1_8' title="bbox 216 2179 1647 2464">
     <span class='ocr_line' id='line_1_25' title="bbox 287 2179 1647 2225; baseline -0.001 -11"><span class='ocrx_word' id='word_1_152' title='bbox 287 2180 343 2225; x_wconf 69' lang='grc' dir='ltr'>(ι)</span> <span class='ocrx_word' id='word_1_153' title='bbox 373 2180 479 2223; x_wconf 84' lang='lat' dir='ltr'>«Qui</span> <span class='ocrx_word' id='word_1_154' title='bbox 508 2179 651 2215; x_wconf 77' lang='lat' dir='ltr'>civilem</span> <span class='ocrx_word' id='word_1_155' title='bbox 682 2182 897 2217; x_wconf 82' lang='lat' dir='ltr'>societatem</span> <span class='ocrx_word' id='word_1_156' title='bbox 930 2193 948 2216; x_wconf 84' lang='lat' dir='ltr'>a</span> <span class='ocrx_word' id='word_1_157' title='bbox 975 2181 1087 2216; x_wconf 86' lang='lat' dir='ltr'>libero</span> <span class='ocrx_word' id='word_1_158' title='bbox 1115 2180 1305 2215; x_wconf 86' lang='lat' dir='ltr'>hominum</span> <span class='ocrx_word' id='word_1_159' title='bbox 1325 2190 1510 2214; x_wconf 81' lang='lat' dir='ltr'>consensu</span> <span class='ocrx_word' id='word_1_160' title='bbox 1526 2187 1647 2213; x_wconf 86' lang='lat' dir='ltr'>natam</span> 
     </span>
     <span class='ocr_line' id='line_1_26' title="bbox 218 2238 1642 2285; baseline -0.001 -13"><span class='ocrx_word' id='word_1_161' title='bbox 218 2238 352 2282; x_wconf 71' lang='lat' dir='ltr'>volunt,</span> <span class='ocrx_word' id='word_1_162' title='bbox 379 2239 492 2285; x_wconf 83' lang='lat' dir='ltr'>ipsius</span> <span class='ocrx_word' id='word_1_163' title='bbox 520 2239 662 2284; x_wconf 83' lang='lat' dir='ltr'>imperii</span> <span class='ocrx_word' id='word_1_164' title='bbox 692 2249 811 2274; x_wconf 83' lang='lat' dir='ltr'>ortum</span> <span class='ocrx_word' id='word_1_165' title='bbox 840 2252 881 2274; x_wconf 72' lang='lat' dir='ltr'>ex</span> <span class='ocrx_word' id='word_1_166' title='bbox 919 2240 1048 2274; x_wconf 85' lang='lat' dir='ltr'>eodem</span> <span class='ocrx_word' id='word_1_167' title='bbox 1079 2239 1177 2274; x_wconf 79' lang='lat' dir='ltr'>sonte</span> <span class='ocrx_word' id='word_1_168' title='bbox 1205 2247 1379 2284; x_wconf 85' lang='lat' dir='ltr'>petentes,</span> <span class='ocrx_word' id='word_1_169' title='bbox 1405 2238 1448 2272; x_wconf 88' lang='lat' dir='ltr'>de</span> <span class='ocrx_word' id='word_1_170' title='bbox 1475 2238 1549 2271; x_wconf 85' lang='lat' dir='ltr'>iure</span> <span class='ocrx_word' id='word_1_171' title='bbox 1576 2249 1642 2271; x_wconf 88' lang='lat' dir='ltr'>suo</span> 
     </span>
     <span class='ocr_line' id='line_1_27' title="bbox 216 2296 1646 2348; baseline -0.004 -14"><span class='ocrx_word' id='word_1_172' title='bbox 216 2301 380 2347; x_wconf 87' lang='lat' dir='ltr'>inquiunt</span> <span class='ocrx_word' id='word_1_173' title='bbox 406 2299 475 2348; x_wconf 83' lang='lat' dir='ltr'>aliq</span> <span class='ocrx_word' id='word_1_174' title='bbox 487 2300 546 2337; x_wconf 87' lang='lat' dir='ltr'>uid</span> <span class='ocrx_word' id='word_1_175' title='bbox 577 2311 875 2345; x_wconf 85' lang='lat' dir='ltr'>unumquemque</span> <span class='ocrx_word' id='word_1_176' title='bbox 902 2300 1065 2341; x_wconf 85' lang='lat' dir='ltr'>cessisse,</span> <span class='ocrx_word' id='word_1_177' title='bbox 1086 2307 1120 2333; x_wconf 91' lang='lat' dir='ltr'>et</span> <span class='ocrx_word' id='word_1_178' title='bbox 1136 2297 1321 2332; x_wconf 79' lang='lat' dir='ltr'>voluntate</span> <span class='ocrx_word' id='word_1_179' title='bbox 1341 2296 1502 2342; x_wconf 83' lang='lat' dir='ltr'>singulos</span> <span class='ocrx_word' id='word_1_180' title='bbox 1520 2297 1555 2330; x_wconf 89' lang='lat' dir='ltr'>in</span> <span class='ocrx_word' id='word_1_181' title='bbox 1571 2296 1646 2335; x_wconf 81' lang='lat' dir='ltr'>eius</span> 
     </span>
     <span class='ocr_line' id='line_1_28' title="bbox 221 2353 1646 2407; baseline -0.002 -13"><span class='ocrx_word' id='word_1_182' title='bbox 221 2371 260 2394; x_wconf 78' lang='lat' dir='ltr'>se</span> <span class='ocrx_word' id='word_1_183' title='bbox 279 2359 478 2396; x_wconf 87' lang='lat' dir='ltr'>contulisse</span> <span class='ocrx_word' id='word_1_184' title='bbox 493 2368 722 2406; x_wconf 87' lang='lat' dir='ltr'>potestatem,</span> <span class='ocrx_word' id='word_1_185' title='bbox 743 2360 785 2394; x_wconf 85' lang='lat' dir='ltr'>ad</span> <span class='ocrx_word' id='word_1_186' title='bbox 805 2371 911 2407; x_wconf 89' lang='lat' dir='ltr'>quem</span> <span class='ocrx_word' id='word_1_187' title='bbox 930 2370 1069 2395; x_wconf 77' lang='lat' dir='ltr'>summa</span> <span class='ocrx_word' id='word_1_188' title='bbox 1087 2358 1226 2394; x_wconf 87' lang='lat' dir='ltr'>illorum</span> <span class='ocrx_word' id='word_1_189' title='bbox 1246 2358 1376 2393; x_wconf 86' lang='lat' dir='ltr'>iurium</span> <span class='ocrx_word' id='word_1_190' title='bbox 1392 2353 1646 2404; x_wconf 84' lang='lat' dir='ltr'>pervenisset.&#39;&#39;</span> 
     </span>
     <span class='ocr_line' id='line_1_29' title="bbox 221 2418 725 2464; baseline -0.004 -9"><span class='ocrx_word' id='word_1_191' title='bbox 221 2420 274 2455; x_wconf 78' lang='lat' dir='ltr'>Ex</span> <span class='ocrx_word' id='word_1_192' title='bbox 304 2419 410 2464; x_wconf 80' lang='lat' dir='ltr'>epist.</span> <span class='ocrx_word' id='word_1_193' title='bbox 446 2430 521 2455; x_wconf 76' lang='lat' dir='ltr'>ene.</span> <span class='ocrx_word' id='word_1_194' title='bbox 549 2431 640 2454; x_wconf 82' lang='lat' dir='ltr'>nunc</span> <span class='ocrx_word' id='word_1_195' title='bbox 669 2418 725 2454; x_wconf 85' lang='lat' dir='ltr'>cit.</span> 
     </span>
    </p>
   </div>
  </div>
 </body>
</html>
