1705 2787
131 193 154 220 a
178 172 359 233 finibus,
386 192 499 234 quos
529 190 685 221 natura
720 180 763 221 111
785 179 995 235 coniugio
1015 176 1218 220 intendit.
1245 173 1381 231 Quod
1401 184 1554 221 vautem

129 260 193 291 est
229 246 505 299 huiusmodi,
550 247 592 290 id
628 264 731 290 sane
767 265 789 291 a
823 261 978 291 natura
1014 249 1308 305 praecipitur:
1344 248 1554 305 quemad-

130 318 335 375 modum,
369 317 412 361 id
447 317 568 376 quod
609 320 884 363 naturalibus
919 320 1116 376 coniugii
1165 318 1328 362 finibus
1364 332 1405 362 et
1448 335 1554 362 con-

133 391 330 434 venienti
379 390 472 432 eius
507 389 768 446 perfectioni
802 393 1060 448 opponitur,
1108 390 1385 448 prohibetur.
1434 392 1553 448 Ergo

81 518 83 521 ,
134 475 316 505 naturae
353 461 421 504 lex
455 460 894 505 indissolubilitatem
949 464 992 504 in
1029 463 1239 518 coniugio
1283 461 1554 519 praescribit,

139 533 355 591 nulloque
406 548 588 590 prorsus
644 546 771 589 pacto
825 533 1091 590 coniugibus
1143 545 1407 590 potestatem
1456 532 1556 576 facit

133 603 432 661 abrumpendi
466 603 668 646 maritale
690 604 947 659 'vinculum,
982 605 1015 646 si
1051 604 1203 660 velint,
1222 616 1263 647 et
1297 602 1556 647 transeundi

125 675 177 718 ad
211 675 314 718 alias
350 675 540 732 nuptias.

213 747 263 789 In
284 746 368 789 hoc
393 758 675 803 argumento,
701 746 766 788 uti
786 758 918 803 patet,
943 746 1262 803 distinguimus
1287 748 1401 790 inter
1426 747 1554 790 unio-

126 833 229 860 nem
264 817 504 860 diuturnam
537 817 591 859 ad
624 815 788 873 longum
822 825 972 874 tempus
1008 830 1049 859 et
1078 819 1293 860 unionem
1311 826 1548 876 perpetuam

130 889 181 932 ad
216 901 409 931 mortem
445 904 585 946 usque
639 888 896 930 alterutrius
932 890 1134 945 coniugis
1169 889 1255 947 (1).
1306 890 1434 932 Prior
1479 889 1552 932 illa

129 959 317 1001 omnino
352 959 541 1015 exigitur
576 973 597 1000 a
632 957 719 1000 fine
754 959 849 1014 ipso
885 959 1081 1015 coniugii
1117 960 1362 1016 principali,
1383 960 1460 1017 qui
1486 973 1551 1003 est

128 1031 377 1088 procreatio
412 1030 547 1072 simul
581 1042 622 1072 et
657 1029 859 1073 educatio
886 1042 982 1072 tum
1018 1030 1197 1087 physica
1233 1044 1329 1073 tum
1364 1031 1546 1074 moralis

126 1101 350 1144 filiorum:
387 1100 489 1143 hinc
524 1100 838 1158 praescribitur
874 1102 978 1158 ipsis
1005 1103 1156 1158 primis
1192 1103 1404 1145 naturalis
1440 1103 1548 1160 legis

126 1175 383 1232 praeceptis.
409 1173 560 1216 Altera
585 1189 705 1229 vero,
725 1175 759 1216 si
785 1189 876 1215 non
902 1189 923 1215 a
951 1175 1198 1231 principali,
1220 1188 1336 1218 certe
1362 1176 1552 1232 exigitur

127 1261 149 1288 a
188 1245 275 1289 fine
310 1246 508 1303 coniugii
544 1246 823 1299 secundario,
858 1248 933 1304 qui
973 1259 1037 1289 est
1072 1246 1314 1289 domestica
1348 1249 1548 1304 societas,

127 1330 337 1361 mutuum
378 1317 643 1375 subsidium,
670 1331 711 1361 et
746 1320 1096 1361 communicatio
1133 1335 1319 1376 operum
1355 1336 1465 1377 quae
1501 1319 1552 1363 ad

130 1390 266 1433 vitam
300 1391 544 1432 necessaria
581 1403 699 1433 sunt:
727 1390 829 1432 hinc
854 1390 1180 1447 praescribitur,
1201 1392 1235 1433 si
1261 1406 1351 1433 non
1378 1392 1550 1448 primis,

131 1473 246 1504 certe
281 1461 469 1504 secundis
505 1462 719 1504 naturalis
754 1462 861 1519 legis
912 1464 1167 1520 praeceptis.
1218 1464 1369 1520 Itaque
1419 1475 1546 1506 natu-

125 1533 271 1576 raliter
307 1534 568 1590 coniugium
616 1535 796 1575 nonnisi
846 1547 990 1576 morte
1039 1535 1294 1577 alterutrius
1345 1536 1550 1590 coniugis

124 1605 376 1649 dirimitur:
413 1618 518 1648 tunc
553 1618 729 1648 tantum
765 1607 926 1648 iterum
963 1605 1158 1648 nubendi
1194 1605 1243 1649 lit
1276 1605 1471 1649 facultas.

212 1677 264 1720 H.
301 1678 416 1720 Huic
451 1690 735 1734 argumentO,
770 1679 888 1735 quod
925 1679 1211 1735 praecipuum
1248 1691 1326 1730 est,
1363 1690 1551 1735 possunt

124 1749 274 1806 plures
298 1750 449 1806 magni
484 1748 658 1792 roboris
694 1749 1059 1792 confirmationes
1085 1749 1197 1800 addi,
1219 1765 1328 1807 quae
1351 1750 1433 1791 hoc
1454 1765 1555 1807 pro-

125 1819 244 1876 bant,
282 1821 641 1876 matrimonium,
678 1834 724 1864 ut
762 1820 870 1863 bene
905 1822 1310 1878 convenienterque
1359 1823 1429 1877 sit,
1480 1820 1552 1863 de-

126 1889 225 1933 bere
263 1906 358 1933 esse
393 1891 632 1933 intrinsece
668 1890 987 1934 indissolubile:
1024 1891 1191 1948 aliquas
1227 1891 1473 1933 afferemus.

283 1961 331 2022 a)
367 1961 600 2020 Quidquid
636 1962 832 2005 infirmat
867 1978 941 2004 seu
978 1961 1174 2005 debilitat
1210 1975 1413 2005 mutuam
1434 1961 1553 2004 illam

123 2034 389 2091 amicitiam,
412 2049 523 2093 quae
557 2047 621 2077 est
656 2036 878 2077 societatis
914 2034 1158 2091 coniugalis
1194 2033 1554 2089 fundamentum,

172 2256 228 2301 (1)
256 2258 428 2293 Eamdem
459 2258 602 2294 adhibet
629 2259 894 2293 distinctionem
926 2271 950 2292 s.
980 2257 1153 2298 Thomas,
1181 2268 1292 2293 contr.
1321 2266 1415 2304 gent.
1445 2256 1463 2293 l.
1494 2257 1553 2293 IIl.

125 2326 153 2350 c.
189 2325 290 2359 124:
322 2328 335 2347 1<
366 2319 400 2351 Si
433 2320 510 2363 quis
540 2328 659 2352 autem
689 2328 783 2352 recte
805 2319 1016 2356 consideret,
1036 2319 1214 2363 praedicta
1237 2319 1327 2352 ratio
1347 2330 1418 2351 non
1438 2318 1555 2352 solum

127 2375 170 2408 ad
200 2375 268 2410 hoc
298 2378 478 2421 pertinere
508 2379 657 2415 videtur,
686 2387 719 2411 ut
761 2379 914 2411 societas
947 2379 1053 2411 maris
1083 2388 1116 2412 et
1145 2378 1298 2412 feminae
1326 2379 1359 2411 in
1399 2378 1555 2412 humana

129 2444 269 2476 natura,
298 2448 405 2481 quam
445 2438 714 2471 matrimonium
754 2437 984 2481 appellamus,
1013 2439 1054 2471 sit
1082 2438 1258 2475 diuturna,
1287 2438 1347 2471 sed
1377 2438 1482 2472 etiam
1512 2438 1554 2471 sit

128 2499 190 2539 per
220 2498 323 2528 totum
355 2497 470 2530 vitum.
492 2511 506 2526 »1
