1705 2787
761 71 812 83 Ἀ
858 57 941 108 -ς--ι
977 67 1024 82 -·—‘

183 164 234 207 de
270 164 347 206 liac
383 173 617 219 potestate,
665 172 885 217 quatenus
913 165 986 214 per
1023 171 1061 199 se
1095 149 1318 199 introduci
1368 166 1525 213 potest,
1559 162 1601 198 et

184 236 275 278 dari
312 236 387 277 uni
424 233 612 275 homini.
650 233 711 273 Ac
746 230 936 287 denique
970 229 1006 270 si
1053 229 1152 285 quis
1187 241 1302 270 recte
1335 226 1601 282 consideret,

185 305 363 364 quando
389 305 492 346 liaec
517 302 734 345 subiectio
769 302 823 343 sit
857 315 932 357 per
967 301 1137 342 iustum
1174 298 1338 341 bellum
1371 297 1424 340 ad
1459 313 1601 340 unum

185 393 350 433 regem,
387 377 474 417 iam
509 375 778 431 supponitur
812 373 856 414 in
892 387 944 414 eo
979 383 1173 428 potestas
1210 371 1340 426 regia,
1365 384 1440 426 per
1465 384 1598 426 quam

188 449 324 505 possit
362 447 445 489 tale
482 444 646 487 bellum
680 443 873 486 indicere
898 455 939 484 et
963 443 1034 484 illa
1061 442 1209 483 solum
1234 453 1297 482 est
1323 441 1461 482 veluti
1496 441 1601 483 iusta

187 518 367 559 artemio
402 515 540 571 regni:
577 529 682 569 ergo
718 527 891 569 semper
916 510 1162 554 reducenda
1190 523 1253 552 est
1280 510 1383 552 haec
1407 521 1600 566 potestas

188 589 304 644 regia
339 586 390 628 ad
425 587 634 642 aliquem,
670 585 744 641 qui
782 598 871 625 non
908 598 982 640 per
1019 582 1199 637 bellum,
1233 581 1307 625 sed
1341 597 1417 639 per
1440 583 1604 624 iustam

188 658 452 699 electionem
475 656 541 698 vel
566 655 718 712 populi
743 655 1085 696 consensionem
1112 653 1231 695 illam
1257 653 1603 709 comparaverit:

191 744 295 785 ergo
319 743 340 770 a
365 727 602 770 sufficienti
637 726 853 769 divisione
878 737 993 768 recte
1018 723 1314 779 concluditur,
1339 735 1605 781 potestatem

192 802 301 843 hanc
336 815 356 841 a
393 798 614 856 republica
648 797 698 840 ad
734 798 978 854 principem
1014 810 1277 838 manasse.»

308 871 381 913 III.
403 871 561 913 Cessto
581 885 656 912 seu
678 882 954 911 DONATIO.—
976 868 1092 910 Haec
1118 866 1214 909 fieri
1239 866 1506 924 quandoque
1531 881 1606 923 po—

190 957 272 986 test
308 942 358 984 ab
394 957 460 997 eo,
494 942 585 998 qui,
620 955 722 983 cum
756 941 810 982 sit
845 939 1072 995 legitimus
1107 953 1155 980 ac
1190 938 1349 995 plenus
1374 951 1604 994 possessor

190 1015 377 1057 alicuius
411 1025 566 1068 status,
591 1012 854 1054 transmittit
879 1010 1013 1052 libere
1038 1010 1167 1052 alicui
1192 1011 1317 1052 alteri
1342 1009 1603 1051 tractatibus

193 1085 552 1141 authenticisque
572 1081 946 1125 conventionibus
966 1097 1043 1124 sua
1064 1082 1160 1124 iura
1180 1081 1224 1123 in
1244 1092 1529 1137 perpetuum.
1553 1106 1603 1110 —

192 1159 335 1201 Cuius
370 1158 432 1200 rei
466 1155 721 1213 exemplum
754 1169 907 1198 recens
957 1152 1171 1195 habemus
1220 1153 1266 1194 in
1300 1153 1499 1194 cessione
1533 1151 1608 1194 Sa-

198 1228 378 1272 baudiae
412 1243 435 1270 a
468 1230 588 1284 Rege
622 1224 848 1269 Sardiniae
881 1224 1132 1281 Napoleoni
1165 1224 1239 1266 ΠΙ.
1275 1222 1399 1266 facta.

308 1300 384 1343 IV.
404 1299 679 1342 Nsscfisstrixs
699 1311 900 1340 PUBLLCA.
917 1321 968 1326 —
990 1295 1108 1337 Haec
1133 1307 1278 1352 potest
1303 1294 1483 1336 initium
1508 1291 1609 1336 dare

192 1373 438 1415 iustissimo
463 1371 741 1428 Principatus
767 1369 914 1425 titulo,
938 1367 1115 1426 quando
1139 1368 1304 1410 scilicet
1323 1366 1610 1426 (auctoritate

193 1459 401 1502 suprema
435 1443 596 1485 amissa
628 1454 705 1484 aut
729 1440 934 1484 derelicta
961 1439 1012 1481 ab
1037 1455 1089 1482 eo
1113 1440 1189 1497 qui
1213 1454 1310 1481 eam
1334 1437 1610 1496 possidebat)

192 1515 377 1556 societas
412 1515 454 1556 in
491 1512 833 1555 dissolutionem
867 1526 913 1553 ac
949 1512 1127 1553 ruinam
1166 1508 1490 1567 prolaberetur,
1526 1509 1611 1551 nisi

193 1597 306 1627 esset
340 1585 415 1642 qui
450 1598 603 1626 curam
629 1583 745 1626 illius
771 1581 1169 1639 defensionemque
1194 1581 1456 1638 susciperet,
1474 1594 1610 1637 seque

190 1656 429 1700 subiiciens
454 1671 534 1713 pro
559 1656 700 1698 salute
724 1654 900 1712 publica
927 1653 1138 1697 omnibus
1163 1652 1370 1710 gubernii
1396 1650 1609 1695 oneribus

194 1856 304 1890 niodo
320 1856 503 1902 regiminis
520 1864 554 1889 et
569 1865 641 1888 non
657 1853 737 1889 alio.
750 1853 820 1888 Sed
836 1863 918 1888 tunc
934 1865 995 1888 cur
1011 1864 1030 1887 a
1044 1864 1223 1888 consensu
1239 1864 1301 1886 seu
1318 1851 1496 1887 electione
1510 1852 1613 1898 origo

195 1915 420 1949 determinati
460 1914 551 1948 illius
578 1914 763 1960 regiminis
790 1913 887 1947 modi
915 1912 1119 1947 derivatur?
1157 1912 1289 1946 Nonne
1315 1913 1426 1946 satius
1453 1921 1508 1945 est
1533 1922 1615 1945 eam

195 1975 355 2009 derivare
383 1987 400 2008 a
428 1974 543 2008 causis
561 1972 639 2015 illis,
668 1984 758 2018 quae
786 1983 1005 2007 consensum
1031 1971 1183 2006 reddunt
1209 1971 1391 2005 debitum?
1417 1989 1460 1996 -—
1487 1971 1545 2005 Sic
1573 1981 1616 2004 ex

197 2045 239 2068 eo
258 2033 352 2078 quod
372 2032 613 2067 communitas
632 2032 703 2066 sive
722 2032 806 2066 velit
823 2032 893 2065 sive
911 2031 1000 2065 nolit
1019 2031 1123 2064 debet
1141 2041 1220 2064 esse
1240 2030 1399 2064 subiecta
1415 2029 1615 2064 auctoritati

197 2094 310 2136 alicui,
341 2092 588 2127 concludimus
626 2092 767 2134 merito,
803 2091 1031 2125 existentiam
1058 2089 1277 2125 auctoritatis
1304 2089 1341 2123 in
1367 2099 1405 2123 se
1433 2096 1615 2134 spectatae

197 2165 275 2188 esse
305 2166 322 2187 a
349 2163 529 2187 consensu
555 2152 825 2186 communitatis
851 2150 1168 2195 independentem.
1197 2148 1252 2183 Cf.
1291 2159 1407 2194 super.
1434 2148 1525 2182 thes.
1553 2148 1613 2181 IX.

195 2225 275 2259 pag.
307 2224 392 2258 199„
421 2221 455 2245 et
473 2212 685 2256 praesertim
703 2211 823 2245 locum
850 2210 1057 2245 Bellarmini
1076 2210 1122 2243 ibi
1143 2210 1348 2245 adductum.
1368 2228 1410 2234 ——
1430 2209 1523 2242 Item
1541 2219 1616 2242 non

195 2282 274 2317 apte
302 2272 379 2316 quis
406 2271 582 2315 originem
610 2271 790 2305 servitutis
818 2282 880 2305 seu
909 2270 1138 2304 subiectionis
1179 2269 1316 2304 servilis
1352 2278 1532 2315 repeteret
1571 2280 1614 2302 ex

196 2341 375 2364 consensu
402 2340 544 2374 semper
571 2338 605 2363 et
631 2340 694 2374 pro
723 2340 951 2374 quocumque
978 2340 1080 2364 casu:
1108 2329 1190 2374 quia
1217 2328 1352 2363 scilicet
1378 2328 1522 2374 quando
1542 2338 1615 2362 ser-

198 2390 289 2424 vitus
317 2400 390 2422 non
417 2397 470 2423 est
495 2386 699 2422 voluntaria
725 2387 787 2422 sed
815 2397 949 2432 coacta,
978 2398 1007 2423 e.
1023 2399 1057 2434 g.
1073 2398 1116 2422 ex
1142 2388 1319 2423 sententia
1350 2387 1486 2430 iudicis,
1514 2386 1616 2422 adest

198 2465 395 2490 consensus
423 2453 479 2487 vel
507 2454 683 2488 exhibitus
710 2453 765 2489 vel
795 2454 934 2489 dubitus.
