1705 2787
773 58 1029 99 —470—

386 161 557 190 amorem,
586 149 780 183 subsidium
810 149 1029 184 filioruin.—
1050 161 1078 185 2.
1095 152 1149 186 De
1169 152 1243 186 iure
1265 153 1358 197 quod
1386 153 1518 188 habent

387 210 428 242 ad
460 209 551 242 filios
580 209 799 253 dirigendos,
829 209 1052 253 obligandos,
1070 212 1266 257 cogendos.
1294 232 1332 237 --
1364 214 1416 247 De
1434 213 1517 248 iuris

386 269 489 302 liuius
517 270 689 313 principio
715 288 762 294 -
788 269 890 303 titulo
916 289 962 294 —
990 273 1199 306 extensione
1229 293 1270 298 —
1297 274 1458 308 subiecto
1476 293 1518 299 —

384 328 539 362 termino
559 353 1515 366 .................
1545 342 1611 378 219

250 387 323 427 138.
352 387 570 421 Scholion.
590 406 624 410 -—
646 387 724 420 Iloc
745 388 796 421 ius
825 388 1046 423 educationis
1063 389 1143 423 filiis
1171 391 1395 435 praebendae
1414 391 1519 425 debet

387 447 552 491 princeps
594 446 705 480 civilis
745 447 881 491 legibus
921 449 993 481 suis
1021 450 1109 483 tueri
1138 469 1180 474 —
1210 450 1378 483 adiuvare
1406 469 1449 474 —
1477 450 1519 484 ad

386 517 579 539 commune
608 506 740 539 bonum
758 508 969 542 coordinare
983 521 989 542 2
1004 528 1046 533 —
1064 520 1135 542 non
1163 518 1283 543 tamen
1302 509 1365 542 sibi
1386 509 1519 544 directe

386 576 567 609 usurpare.
595 585 637 590 —
668 566 901 600 Obiectiones
930 566 1109 600 diluuntur
1150 591 1520 603 .......
1549 577 1608 611 125

207 650 394 694 Thesis
428 651 476 691 L.
512 676 563 680 ——
602 651 667 692 De
691 650 878 708 βίω-ηιμ
911 666 1007 707 erga
1032 659 1220 708 parentes
1255 667 1274 693 ιν
1304 650 1390 693 ielis
1456 686 1464 693 .
1534 664 1614 706 130

248 736 688 779 139.·Demonstratio.
707 756 748 760 —
781 748 807 770 Ι.
836 737 889 770 De
917 735 1042 769 officiis
1070 736 1263 779 perpetuis:
1284 755 1326 759 —
1348 734 1518 769 absolutis

388 814 429 819 —
458 794 713 840 hypotheticis.
742 814 783 818 —
814 804 844 828 2.
873 795 926 827 De
955 793 1080 827 officiis
1107 793 1349 838 temporaneis
1393 818 1402 827 .
1452 818 1461 828 .
1511 819 1518 826 .
1568 793 1612 826 ib.

251 863 328 895 ΗΟ.
358 853 565 887 Scholion
592 853 625 888 I.
655 872 696 876 —
724 853 777 886 l)e
806 853 976 897 opinione
1004 852 1229 894 Rousseavii‚
1268 853 1325 897 qui
1360 851 1517 886 officium

386 913 658 957 obtemperandi
687 913 890 957 parentibus
919 913 1045 957 repetit
1063 923 1104 945 ex
1125 921 1247 946 mutua
1267 912 1518 946 conventione.

388 991 429 995 —
446 972 483 1004 ln
512 972 638 1016 quibus
667 972 788 1016 opinio
806 971 893 1005 llaec
913 970 1078 1005 fundetur
1104 972 1296 1016 principiis:
1319 972 1412 1004 —in
1430 971 1521 1016 prin—

387 1030 486 1074 cipiis
503 1030 545 1063 de
562 1029 741 1063 essentiali
759 1029 913 1063 lioniinis
930 1029 1091 1064 libertate
1113 1039 1145 1063 et
1167 1031 1455 1074 independentia.
1475 1050 1517 1055 —

386 1092 557 1132 Quonam
573 1102 678 1123 sensu
707 1091 876 1135 principia
894 1090 980 1124 hacc
1008 1091 1269 1135 silitx'e1·a,qiio
1285 1102 1392 1123 sensu
1420 1089 1518 1124 salsa.
1550 1101 1609 1133 133

251 1161 313 1192 141
349 1151 556 1185 Scholion
583 1151 641 1185 ΙΙ.
670 1170 711 1174 -—-
741 1152 795 1184 De
823 1150 949 1184 officiis
978 1151 1069 1184 inter
1095 1151 1459 1195 consanguineosz—
1477 1162 1518 1184 ea

387 1212 423 1245 in
450 1210 544 1244 cultu
572 1220 761 1255 parentum
788 1211 1015 1244 includuntur
1036 1235 1518 1245 .........
1549 1221 1608 1255 135

207 1294 394 1338 Thesis
428 1294 497 1335 LI.
530 1319 587 1324 —
625 1293 665 1335 Si
693 1302 881 1350 parentes
917 1292 965 1334 al)
1001 1294 1181 1334 intestato
1216 1291 1521 1350 dccedcztzt,filli

396 1367 436 1407 in
473 1380 609 1407 eornm
646 1366 750 1407 bonci
784 1364 965 1407 natm-ali·
1000 1366 1086 1406 ime
1120 1364 1337 1406 succedunt
1412 1397 1420 1406 .
1486 1398 1494 1406 .
1559 1363 1615 1407 ib.

250 1459 326 1491 142.
352 1450 690 1485 Demonstratio.
707 1469 748 1473 —
766 1450 895 1483 'l'liesis
917 1450 1137 1494 probatur—
1151 1449 1279 1495 duplici
1296 1458 1520 1494 argumento.
1571 1449 1616 1483 ib.

248 1520 259 1541 1
279 1519 324 1551 l}-
353 1502 572 1543 Scholion.
589 1527 630 1532 --
661 1520 689 1550 Ι,
716 1509 845 1542 Utrum
861 1509 1031 1551 officium,
1060 1521 1130 1554 quo
1157 1518 1323 1554 parentes
1343 1517 1520 1550 tenentur,

388 1568 482 1601 bona
509 1579 571 1600 sna
598 1567 678 1601 siliis
707 1579 747 1601 ex
775 1577 873 1612 purte
910 1569 1187 1613 transmittendi,
1213 1580 1286 1602 non
1327 1568 1437 1601 modo
1477 1567 1521 1601 sit

390 1626 596 1670 positivum,
625 1626 687 1659 sed
716 1627 824 1660 etiam
851 1626 1024 1661 naturale.
1066 1646 1112 1650 —
1158 1637 1189 1661 2.
1215 1627 1269 1660 De
1313 1627 1386 1660 iure
1426 1626 1521 1671 quod

386 1693 517 1718 vocant
543 1685 847 1728 primogeniturae
913 1710 1402 1721 .........
1440 1712 1461 1729 ,.
1512 1710 1521 1720 .
1552 1695 1614 1730 137

615 1770 651 1813 §-
679 1768 760 1803 ΙΙΙ.
787 1768 842 1801 De
870 1766 1021 1802 unione
1047 1766 1189 1802 herili.

201 1840 388 1883 'I'heSiS
422 1839 513 1881 LII.
531 1864 589 1869 —
631 1839 849 1893 Quaenam
874 1838 1047 1879 servitus
1072 1836 1211 1879 illicita
1235 1838 1298 1892 sil,
1322 1851 1521 1894 quaenam

390 1925 487 1951 vero
520 1909 629 1952 licita
714 1944 722 1952 .
788 1943 796 1951 .
862 1943 872 1951 .
935 1943 944 1951 .
1010 1943 1019 1951 .
1085 1942 1093 1950 .
1159 1942 1167 1950 .
1234 1942 1242 1951 .
1309 1942 1318 1950 .
1383 1941 1391 1950 .
1458 1942 1466 1951 .
1536 1921 1614 1964 14:

258 2004 331 2036 1114.
360 1995 704 2029 Delnonstratio.
731 2013 773 2018 —
798 2005 825 2027 1.
846 1993 941 2034 Quid
968 1993 1164 2038 significet,
1186 2005 1264 2026 esse
1285 1993 1520 2026 dominum—

390 2054 472 2098 quid
499 2066 585 2087 vero
615 2065 694 2087 esse
722 2065 878 2087 servum.
894 2073 936 2077 —
954 2054 1063 2094 Quod
1081 2053 1205 2098 aliquis
1227 2053 1268 2086 ad
1290 2064 1327 2086 sc
1347 2064 1521 2098 suumque

388 2114 522 2147 bonum
550 2114 691 2148 ordinet
717 2113 874 2148 totaliter
902 2125 965 2147 seu
993 2114 1110 2158 quoad
1137 2114 1254 2158 ipsum
1291 2124 1368 2147 esse
1413 2111 1520 2146 alium

391 2172 594 2214 hominem,
621 2173 693 2206 hoe
721 2182 896 2217 repugnat
922 2173 986 2206 iuri
1014 2172 1175 2206 naturali:
1219 2192 1261 2197 —
1289 2185 1362 2207 non
1390 2181 1522 2215 autem,

390 2236 485 2280 quod
514 2234 639 2280 aliquis
666 2237 702 2269 in
730 2247 833 2269 suuni
861 2236 995 2268 bonum
1023 2234 1163 2268 ordinet
1202 2234 1399 2268 secundum
1439 2234 1521 2278 quid

390 2307 451 2328 seu
481 2304 653 2339 quantum
681 2296 723 2329 ad
752 2295 886 2340 aliquas
914 2295 1142 2339 operationes
1172 2294 1279 2327 alium
1322 2293 1520 2327 hominem.

389 2355 533 2389 —Hinc
555 2364 663 2398 patet,
685 2367 862 2400 quaenam
890 2356 1040 2389 servitus
1067 2355 1189 2389 illicita
1209 2356 1254 2389 sit
1279 2374 1322 2379 -
1343 2365 1520 2399 quaenam

390 2425 475 2447 vero
503 2414 610 2450 licita.
638 2436 679 2440 —
707 2417 898 2450 Distinctio
927 2416 1108 2451 servitutis
1135 2435 1176 2440 —
1205 2416 1238 2449 in
1266 2416 1520 2462 temporariam
