1705 2787
781 43 1009 102 -96ffl

189 154 333 198 monii
368 152 507 210 magis
552 149 810 206 attenditur,
853 151 949 207 qnid
998 150 1183 195 omnibns
1226 151 1426 211 expediat,
1471 169 1603 213 quam

189 226 285 284 qnid
320 226 391 267 nni
426 232 638 281 smnpclerc
656 223 797 279 possit.
833 223 1051 274 Quamvis
1082 224 1215 279 igitur
1241 227 1515 270 matrimonii
1538 229 1604 272 in-

189 294 487 352 separabilitas
521 290 733 348 impediat
784 289 951 333 bonum
1007 292 1142 348 prolis
1177 295 1218 336 in
1262 293 1395 351 aliquo
1428 295 1603 354 homine,

184 378 332 409 tamen
367 377 431 407 est
466 363 735 406 conveniens
774 361 825 404 ad
862 361 1030 404 bonum
1063 365 1215 420 [prolis
1259 364 1504 422 simpliciter.
1550 369 1603 411 Et

184 449 362 495 propter
388 436 470 477 hoc
506 435 617 476 ratio
652 448 741 475 non
776 433 1020 490 sequitur».

282 506 458 549 Obici-tio
483 506 545 546 12.st
568 504 703 561 Saepe
724 504 959 559 contingit,
980 516 1026 545 ut
1045 505 1257 562 coniuges
1277 507 1328 549 ab
1354 509 1481 552 initio
1506 510 1602 567 qui-

185 576 283 620 dem
310 592 353 618 se
388 592 432 618 se
467 586 626 617 mutuo
645 586 810 630 ament,
834 574 1061 631 paullatim
1087 591 1190 618 vero
1215 576 1367 621 odium
1388 596 1463 622 seu
1484 579 1602 623 fasti-

186 648 309 691 dium
329 645 534 690 succedat
567 646 722 688 amori.
757 645 905 687 Posita
930 657 1077 688 autem
1102 645 1492 693 indissolubilitate
1511 666 1602 693 ma-

186 719 404 774 trimonii,
438 718 644 775 quisnam
669 731 759 758 non
798 715 915 759 videt
949 728 1058 773 quot
1084 718 1127 759 in
1162 720 1394 775 praedictis
1429 720 1600 764 casibus

186 790 335 832 locum
371 788 560 831 habeant
594 787 953 829 inconvenientia
987 802 1062 829 seu
1098 789 1245 833 mala?

271 860 507 917 Responsio.
523 859 641 899 Haec
665 857 1024 899 inconvenientia
1043 872 1119 899 seu
1141 857 1245 901 haec
1265 860 1377 903 mala
1406 860 1483 920 1.0)
1497 873 1601 904 sunt

182 931 372 985 minora,
394 941 435 971 et
458 927 639 986 quidem
663 927 807 969 multo
826 927 999 969 minora
1021 928 1072 969 iis
1088 928 1227 985 malis,
1243 945 1353 986 quae
1368 947 1418 973 ex
1442 932 1600 974 intrin-

181 1017 277 1044 seca
297 1001 494 1057 coniugii
513 998 782 1042 solubilitate
801 999 950 1040 statim
970 1000 1506 1044 orirentur.—Praeterea
1521 1003 1599 1061 2.⁰)

181 1084 286 1115 sunt
317 1070 604 1114 incommoda
638 1070 916 1126 singularum
951 1085 1257 1126 personarum:
1294 1071 1400 1115 dum
1425 1073 1496 1115 illa
1518 1073 1599 1116 alia

182 1156 329 1186 essent
352 1144 449 1201 plus
484 1143 634 1184 minus
670 1141 883 1184 damnum
900 1157 975 1184 seu
1011 1143 1227 1198 pernicies
1263 1144 1400 1200 ipsius
1424 1145 1598 1200 generis

180 1216 380 1272 humani,
400 1230 422 1258 a
446 1230 534 1273 quo
553 1214 733 1270 scilicet,
757 1212 947 1256 admissa
965 1213 1143 1257 divortii
1163 1215 1364 1271 liceitate‚
1390 1231 1476 1258 una
1495 1231 1598 1259 cum

179 1287 413 1330 honestate
457 1298 499 1328 et
517 1284 722 1328 felicitate
742 1285 1073 1341 coniugiorum,
1099 1287 1246 1328 omnis
1266 1302 1347 1343 pax
1381 1288 1598 1331 exsularet

179 1371 221 1401 et
236 1359 518 1416 prosperitas,
535 1383 587 1388 —
607 1357 792 1413 Insuper
807 1356 889 1414 3.⁰)
904 1371 951 1397 ea
969 1357 1215 1412 personalia
1230 1358 1517 1402 incommoda
1530 1359 1600 1402 vel

178 1430 292 1473 mala
316 1445 407 1472 non
419 1437 494 1487 per
519 1443 558 1471 se
581 1429 791 1483 existunt,
815 1426 891 1469 sed
913 1426 1107 1484 pendent
1132 1443 1183 1470 ex
1214 1445 1345 1486 prava
1369 1430 1598 1474 voluntate

179 1501 434 1556 hominum,
470 1500 545 1557 qui
580 1515 681 1541 cum
716 1499 804 1540 sint
830 1497 968 1540 libero
997 1498 1182 1555 praediti
1207 1499 1388 1543 arbitrio
1408 1513 1598 1558 possunt

178 1587 226 1615 ea
259 1571 490 1629 impedire,
525 1586 577 1613 ex
610 1569 771 1627 quibus
807 1571 1027 1626 originem
1062 1569 1245 1614 ducunt:
1281 1571 1387 1614 dum
1421 1572 1493 1615 illa
1517 1572 1598 1614 alia

177 1650 557 1701 sequerenturper
591 1656 630 1684 se
665 1658 715 1683 ex
739 1639 1008 1683 solubilitate
1042 1642 1134 1698 ipsa
1169 1643 1379 1699 coniugii.
1401 1670 1453 1674 —
1473 1642 1597 1686 Adde

178 1714 261 1773 4⁰)
286 1730 334 1756 ea
358 1715 471 1756 mala
495 1713 742 1770 personalia
766 1728 895 1769 posse
920 1712 1094 1755 abunde
1129 1716 1422 1771 compensari,
1456 1715 1597 1757 immo

178 1787 312 1828 etiam
346 1786 543 1842 superari
580 1784 697 1827 bono
732 1785 817 1826 alio
850 1785 1088 1841 personali,
1113 1786 1365 1829 cuiusmodi
1389 1798 1453 1828 est
1476 1801 1596 1829 exer-

178 1859 333 1900 citium
367 1858 558 1901 virtutis.
595 1855 732 1912 Quid,
766 1857 956 1913 inquie3‚
1000 1855 1052 1898 ad
1104 1858 1293 1899 virtutem
1327 1859 1515 1901 recurris
1549 1859 1594 1901 in

179 1928 256 1971 hac
292 1944 350 1984 re,
385 1943 495 1986 quae
528 1928 768 1985 voluptatis
813 1942 941 1970 causa
989 1928 1265 1985 suscipitur?
1313 1928 1594 1986 Respondeo,

177 2001 221 2043 in
256 2002 515 2058 quaestione
549 2000 600 2043 de
635 2001 845 2057 coniugio
880 2015 971 2043 non
1006 2015 1099 2042 esse
1132 2015 1233 2057 prae
1268 2001 1406 2044 oculis
1431 1999 1594 2044 haben-

179 2197 251 2233 dita
290 2198 386 2232 Urbe
414 2210 527 2243 usque
555 2199 597 2233 ad
624 2199 838 2233 'vicesimum
869 2207 902 2233 et
930 2198 1259 2245 quingentesimum
1299 2211 1431 2234 annum
1457 2199 1594 2235 nullum

179 2260 391 2294 intercessit.
420 2261 559 2294 Primus
588 2271 707 2295 autem
734 2262 793 2306 Sp.
822 2260 996 2295 Carvilius
1024 2272 1173 2294 uxorem
1200 2261 1394 2296 sterilitatis
1414 2273 1521 2296 causa
1548 2263 1596 2296 di—

181 2319 288 2353 misit.
316 2319 387 2360 Qui
416 2330 631 2364 quamquam
659 2319 833 2354 tolerabili
860 2321 998 2354 ratione
1025 2328 1144 2354 motus
1182 2320 1371 2363 videretur,
1406 2320 1595 2366 reprehen—

182 2379 283 2413 sione
310 2387 432 2413 tamen
459 2390 533 2412 non
559 2379 680 2420 caruit,
708 2379 789 2424 quia
819 2390 864 2413 ne
892 2380 1121 2424 cupiditatem
1148 2381 1291 2425 quidem
1318 2380 1512 2415 liberorum
1537 2392 1596 2416 co-

178 2436 312 2484 niugali
340 2437 423 2472 fidei
450 2437 622 2483 praeponi
648 2448 755 2483 posse
784 2438 1051 2474 arbitrabantur.
1078 2452 1093 2471 »
