1705 2787
792 59 1054 101 -228—

226 176 316 206 non
352 173 498 220 potest
533 162 646 206 iuste
691 163 841 207 eadem
886 175 1103 222 potestate
1145 161 1282 208 fretus
1316 180 1398 208 suo
1432 165 1628 226 arbitrio,

215 249 292 277 seu
330 235 504 291 quoties
543 235 748 291 voluerit,
782 251 827 277 se
870 235 914 278 in
949 233 1199 278 libertatem
1241 235 1476 280 vindicare.
1509 238 1626 282 Nam

210 304 245 346 si
280 317 545 361 potestatem
580 320 706 348 suam
742 306 832 363 regi
853 306 1086 362 concessit,
1120 321 1254 363 quam
1278 306 1348 350 ille
1371 311 1625 367 acceptavit,

210 390 262 417 eo
298 376 393 432 ipso
428 391 502 418 rex
535 375 763 418 dominimn
797 377 1053 434 acquisivit3
1089 391 1195 434 ergo
1229 379 1429 435 quamvis
1454 395 1530 423 rex
1552 380 1626 424 ha-

212 445 354 489 buerit
388 462 409 488 a
444 447 611 504 populo
664 446 771 490 illud
822 447 1075 490 dominium
1110 463 1185 504 per
1235 447 1520 493 donationem
1558 451 1626 495 vel

209 530 507 574 contractum,
542 534 632 561 non
672 518 770 562 ideo
806 517 951 561 licebit
1000 519 1165 576 populo
1215 518 1467 563 dominium
1515 522 1623 567 illud

207 590 321 646 regis
358 589 545 646 auferre,
581 606 659 633 nec
705 589 955 633 libertatem
1004 606 1130 633 suam
1178 591 1343 634 iterum
1393 607 1622 650 usurpare.

207 660 329 703 Sicut
364 661 640 717 particularis
675 676 877 718 persona,
913 677 1023 719 quae
1058 677 1160 704 suae
1186 660 1376 704 libertati
1399 664 1623 706 renuntia-

206 733 282 785 vit,
317 745 358 775 et
392 748 436 774 se
471 734 516 776 in
551 748 731 777 servum
765 733 976 790 vendidit,
1011 747 1086 777 aut
1120 733 1316 790 donavit,
1350 749 1442 776 non
1476 746 1624 792 potest

206 816 356 861 postea
390 820 472 847 suo
507 804 690 848 arbitrio
725 821 770 848 se
804 821 825 848 a
860 807 1073 849 servitute
1118 807 1323 849 eximere.
1357 804 1482 849 Idem
1515 822 1621 864 ergo

205 887 269 917 est
294 874 345 918 de
369 891 559 933 persona
585 875 684 919 ficta
708 892 784 919 seu
811 878 1149 933 communitate,
1168 888 1405 934 postquam
1426 891 1471 918 se
1490 876 1620 920 alicui

204 947 393 1004 principi
428 946 554 1003 plene
589 945 789 990 subiecit.
825 948 936 990 Item
981 960 1219 1005 postquam
1268 948 1460 1006 populus
1495 964 1621 992 suam

204 1029 470 1074 potestatem
505 1018 597 1075 regi
633 1018 836 1073 contulit,
873 1019 959 1060 iam
994 1034 1038 1060 se
1063 1019 1133 1061 illa
1160 1020 1370 1076 privavit3
1395 1034 1504 1077 ergo
1527 1036 1619 1063 non

202 1100 347 1144 potest
383 1088 452 1130 illa
486 1087 622 1131 fretus
659 1089 771 1131 iuste
807 1090 850 1132 in
878 1105 1027 1146 regem
1054 1090 1298 1146 insurgere,
1323 1091 1425 1148 quia
1450 1092 1617 1134 nitetur

202 1171 434 1216 potestate,
469 1174 599 1218 quam
637 1176 727 1203 non
764 1159 908 1216 habet,
943 1172 984 1203 et
1018 1161 1076 1203 ita
1110 1177 1200 1203 non
1226 1162 1307 1204 erit
1333 1177 1437 1204 usus
1458 1162 1617 1218 iustus,

200 1395 322 1439 possit,
352 1406 468 1440 neque
498 1395 718 1428 contrarium
746 1403 809 1436 est,
838 1405 952 1439 neque
993 1393 1268 1429 fundamentum
1307 1394 1446 1440 populis
1474 1395 1620 1440 praebet

200 1453 243 1488 ad
270 1465 308 1487 se
335 1464 399 1498 pro
424 1453 521 1487 libito
549 1453 583 1486 in
612 1452 814 1487 libertatem
850 1452 1117 1486 vindicandum.
1147 1453 1242 1494 Quia
1281 1452 1517 1487 Bellarminus
1545 1464 1618 1488 non

199 1510 408 1556 simpliciter
425 1511 520 1553 dixit,
536 1511 690 1545 retinere
710 1510 883 1556 populum
902 1519 1121 1555 potestatem
1136 1511 1170 1544 in
1185 1510 1319 1553 habitu,
1339 1510 1381 1544 ad
1396 1522 1618 1557 quoscumque

199 1575 293 1605 actus
316 1577 380 1616 pro
409 1570 505 1604 libito
534 1575 565 1604 et
591 1572 720 1616 quoties
745 1570 830 1604 >velit
847 1570 1054 1612 exercendos,
1076 1570 1139 1604 sed
1158 1581 1239 1604 curn
1254 1581 1385 1616 magna
1403 1569 1616 1606 limitatione

149 1620 152 1623 Ι
199 1640 232 1665 et
260 1631 584 1676 circumspectione
612 1631 707 1673 dixit,
739 1632 771 1664 in
793 1632 892 1665 curtis
911 1631 1041 1665 casibus
1068 1639 1135 1665 etc.
1163 1631 1233 1672 Qui
1263 1642 1365 1664 casus
1392 1629 1616 1678 intelligendi

198 1698 289 1731 sunt,
317 1688 373 1723 vel
401 1690 495 1724 iuxta
523 1689 750 1723 conditiones
786 1689 913 1734 prioris
942 1697 1157 1731 contractus,
1192 1687 1249 1722 vel
1275 1689 1372 1722 iuxta
1399 1689 1616 1735 exigentiam

198 1748 367 1783 naturalis
395 1749 561 1791 iustitiae,
601 1761 685 1783 nam
725 1758 828 1794 pacta
856 1757 890 1783 et
917 1757 1095 1783 conventa
1131 1749 1223 1783 iusta
1251 1748 1427 1782 servanda
1453 1756 1546 1783 sunt.
1572 1750 1616 1783 Et
1668 1763 1673 1767 *

197 1808 278 1842 ideo
306 1809 333 1843 si
361 1807 513 1854 populus
540 1808 716 1842 transtulit
744 1817 963 1853 potestatem
991 1808 1026 1841 in
1053 1819 1188 1854 regem,
1216 1807 1435 1841 reservando
1451 1818 1530 1842 eam
1549 1808 1613 1842 sibi

197 1879 260 1912 pro
288 1867 460 1913 aliquibus
488 1867 710 1913 gravioribus
739 1868 854 1901 causis
884 1876 943 1902 aut
969 1867 1135 1913 negotiis,
1163 1867 1199 1900 in
1227 1866 1277 1900 eis
1305 1865 1397 1900 licite
1424 1867 1554 1912 poterit
1572 1879 1614 1901 ea

196 1927 256 1969 uti,
286 1936 321 1961 et
346 1928 399 1961 ius
427 1939 531 1961 suum
558 1939 784 1962 conservare.
813 1927 1005 1972 Oportebit
1045 1935 1176 1968 autem,
1217 1934 1254 1960 ut
1281 1925 1323 1959 de
1356 1925 1416 1960 tali
1442 1926 1531 1969 iure,
1556 1926 1612 1961 vel

196 1987 348 2032 antiquis
377 1996 410 2021 et
439 1987 542 2021 certis
570 1987 816 2021 instrumentis
843 1986 900 2020 vel
927 1985 1204 2020 immemorabili
1233 1985 1493 2020 consuetudine
1513 1986 1613 2020 suffi-

196 2047 330 2080 cienter
358 2055 513 2082 constet.
541 2047 585 2081 Et
612 2046 739 2080 eadem
767 2047 905 2080 ratione
934 2046 961 2079 si
989 2057 1049 2079 rex
1076 2046 1207 2079 iustam
1227 2056 1329 2079 suam
1345 2053 1562 2089 potestatem
1576 2045 1612 2079 in

194 2106 422 2151 tyrannidem
448 2114 614 2148 verteret,
642 2105 702 2140 illa
729 2106 764 2139 in
790 2104 1021 2140 manifestam
1041 2105 1194 2139 civitatis
1208 2104 1404 2150 perniciem
1419 2104 1610 2148 abutendo,

194 2172 316 2208 posset
342 2163 494 2208 populus
523 2163 674 2198 naturali
701 2173 880 2209 potestate
909 2164 951 2198 ad
979 2175 1017 2197 se
1047 2162 1314 2197 defendendum
1339 2163 1400 2205 uti,
1427 2162 1495 2197 hac
1514 2164 1611 2197 enim

194 2233 390 2267 numquam
418 2235 455 2256 se
481 2223 643 2267 privavit.
675 2224 781 2257 Extra
807 2223 874 2257 hos
909 2234 996 2257 vero
1037 2231 1071 2257 et
1098 2221 1233 2256 similes
1272 2233 1374 2256 casus
1412 2233 1610 2268 numquam

194 2280 276 2315 licet
303 2280 434 2326 populo
463 2293 481 2315 a
508 2280 670 2327 legitimo
697 2294 782 2328 rege
809 2294 872 2316 sua
899 2290 1077 2328 potestate
1104 2280 1214 2315 fretus
1233 2280 1398 2324 deficere,
1420 2281 1516 2316 etita
1529 2292 1609 2316 ces-

194 2349 248 2375 sat
274 2341 391 2375 omnis
419 2340 606 2375 seditionis
633 2340 907 2376 fundamentum
937 2350 995 2376 aut
1023 2341 1176 2376 occasio.
1195 2355 1210 2373 n
1239 2341 1337 2375 Haec
1356 2349 1475 2376 autem
1501 2340 1608 2375 histo-

193 2400 262 2433 rice
288 2398 486 2442 referimus,
513 2408 551 2434 ut
577 2400 747 2445 quidnam
773 2410 916 2436 veteres
944 2401 1096 2435 dixerint
1122 2411 1162 2435 ac
1189 2400 1342 2435 senserit
1365 2398 1606 2447 intelligatur:

193 2460 264 2494 suis
293 2460 387 2494 enim
414 2459 501 2495 locis
530 2469 632 2495 erunt
658 2461 910 2506 perpendenda
939 2470 972 2496 et
1001 2461 1247 2496 examinanda.
