1705 2787
88 159 238 191 autem
273 158 338 190 est
360 146 562 205 quaestio
597 147 886 205 gravissima:
922 145 1142 205 siquidem
1177 161 1229 188 ex
1262 143 1364 201 fine,
1389 156 1500 187 tam-

78 234 213 278 quam
247 233 300 262 ex
333 232 491 262 norma
541 233 618 262 seu
663 234 890 276 mensura,
938 215 1274 262 diiudicandum
1318 216 1401 258 erit
1449 213 1501 258 de

81 290 256 335 iuribus
290 302 422 350 atque
457 289 613 334 officiis
647 303 744 335 tum
769 306 928 336 eorum
951 291 1028 350 qui
1051 301 1276 349 praesunt,
1310 301 1407 333 tum
1432 303 1504 330 eo-

82 378 183 408 rum
217 363 293 423 qui
326 360 494 406 subditi
526 362 737 422 sunt(1).
758 390 811 397 —-
831 363 1118 422 Inquiremus
1147 362 1295 420 primo
1329 359 1382 404 de
1415 358 1503 403 fine

73 435 244 494 proprio
277 449 326 479 ac
367 435 581 494 proximo,
629 434 787 479 deinde
831 435 883 481 de
918 434 1006 479 fine
1052 433 1188 478 ultimo
1222 433 1362 477 civilis
1397 448 1501 476 con-

79 508 220 551 sortii.

168 579 200 622 Ι.
236 579 438 632 Quinam
473 593 565 622 non
599 579 671 634 sit,
709 591 752 622 et
786 579 970 637 quinam
1005 580 1061 622 sit
1096 577 1197 622 finis
1227 578 1423 637 proprius
1459 588 1501 620 et

71 652 297 711 proximus
330 651 555 694 societatis
590 650 744 707 civilis,
796 651 1028 695 Suaresius
1078 650 1192 695 clare
1230 648 1499 694 determinat

80 722 198 766 hisce
233 721 380 766 verbis
401 721 488 781 (2):
512 739 532 762 «
555 723 757 765 Potestas
791 722 930 766 civilis
956 721 1197 779 legislativa
1223 720 1289 779 (et
1312 718 1498 779 proinde

79 795 268 837 societas
303 794 393 852 ipsa
429 792 608 852 civilis),
633 794 767 837 etiam
793 794 837 837 in
862 808 969 850 pura
996 804 1151 836 natura
1175 803 1385 850 spectata,
1409 807 1496 835 non

81 865 211 909 habet
245 881 325 923 pro
360 865 448 909 fine
482 866 725 909 intrinseco
760 878 802 908 et
837 881 911 923 per
945 882 989 907 se
1025 866 1197 908 intento
1243 863 1497 908 felicitatem

81 937 327 981 naturalem
364 939 477 981 vitae
511 937 702 994 futurae,
737 938 829 982 imo
874 953 952 980 nec
988 939 1212 995 propriam
1247 936 1498 980 felicitatem

82 1009 328 1052 naturalem
363 1010 476 1052 vitae
512 1010 771 1067 praesentis,
806 1021 1026 1067 quatenus
1051 1008 1103 1051 ad
1128 1008 1330 1066 singulos
1356 1006 1500 1051 homi-

82 1096 172 1135 ne5‚
209 1091 256 1123 ut
290 1079 577 1137 particulares
612 1094 827 1137 personae
850 1091 970 1135 sunt,
994 1080 1215 1137 pertinere
1239 1090 1400 1136 potest3
1425 1076 1500 1120 sed

82 1152 178 1195 eius
212 1150 310 1194 linis
345 1163 411 1194 est
445 1149 628 1195 felicitas
663 1151 877 1195 naturalis
911 1151 1251 1194 communitatis
1276 1149 1497 1194 humanae

81 1221 312 1281 perfectae,
347 1224 474 1266 cuius
508 1238 661 1266 curam
696 1223 824 1280 gerit,
859 1235 900 1265 et
934 1222 1219 1279 singulorum
1244 1221 1499 1275 hominum,

82 1307 129 1337 ut
163 1306 268 1338 sunt
302 1293 503 1338 membra
538 1294 636 1338 talis
681 1294 1039 1347 communitatis,
1089 1306 1137 1336 ut
1172 1294 1216 1336 in
1250 1309 1297 1336 ea
1331 1292 1498 1336 scilicet

81 1365 124 1408 in
160 1381 263 1423 pace
298 1377 340 1408 et
374 1366 543 1408 iustitia
576 1365 741 1422 vivant,
777 1376 818 1408 et
843 1380 946 1408 cum
971 1363 1235 1408 sufficientia
1260 1362 1500 1415 bonorum,

81 1453 192 1496 quae
225 1435 277 1480 ad
310 1437 424 1480 vitae
459 1436 701 1495 corporalis
746 1436 1133 1481 conservationem
1175 1447 1217 1478 ct
1251 1434 1500 1479 commodi-

81 1520 218 1552 tatem
252 1520 467 1566 spectant,
502 1520 545 1551 et
578 1523 681 1552 cum
717 1523 764 1551 ea
808 1506 1028 1565 probitate
1062 1523 1253 1564 morem,
1302 1523 1415 1564 quae
1449 1507 1501 1550 ad

83 1580 194 1623 hanc
228 1593 455 1623 externam
490 1594 643 1637 pacem
668 1592 710 1622 et
734 1578 989 1623 felicitatem
1024 1578 1288 1635 reipublicae
1322 1590 1364 1621 et
1398 1593 1502 1622 con-

82 1651 335 1694 venientem
371 1650 592 1694 humanae
626 1663 810 1694 naturae
845 1650 1233 1693 conservationem
1260 1650 1500 1692 necessaria

82 1734 161 1766 est,
198 1740 218 1763 »

172 1794 225 1836 Et
260 1808 304 1836 re
337 1792 517 1852 quidem
553 1808 670 1849 vera,
696 1807 880 1838 curnam
906 1791 1097 1836 familiae
1123 1790 1384 1835 naturaliter
1410 1806 1503 1834 coe-

156 1990 202 2031 (Ι)
224 1988 278 2024 Cf.
308 1989 492 2035 Tarquini,
519 1989 603 2024 iuris
632 1988 758 2023 eccles.
779 1987 873 2030 publ.
891 1988 1041 2022 institut.
1070 1998 1170 2022 num.
1198 1998 1240 2031 7.,
1258 1987 1331 2022 fere
1359 1988 1400 2022 ab
1428 1988 1502 2022 init.

155 2049 211 2094 (2)
238 2050 292 2083 De
324 2048 392 2095 leg.
423 2049 445 2083 l.
473 2050 531 2084 111.
560 2061 634 2094 cap.
666 2061 715 2083 11.
746 2061 779 2083 n.
808 2060 839 2093 7.
866 2067 908 2073 -
938 2048 1078 2089 Quibus
1104 2048 1232 2082 iuverit
1259 2048 1347 2082 haec
1375 2048 1504 2082 addere

85 2120 124 2141 ex
154 2120 180 2141 s.
210 2107 365 2148 Thoma,
398 2120 427 2143 1.
454 2119 483 2143 2.
513 2121 547 2154 q.
577 2107 633 2151 96.
662 2120 691 2142 a.
725 2119 763 2149 ζα.
794 2120 808 2137 «
836 2107 907 2141 Lex
936 2106 1054 2140 diviua
1082 2106 1322 2151 principaliter
1347 2108 1503 2142 institui-

84 2176 138 2201 tur
166 2167 208 2201 ad
236 2167 475 2202 ordinandum
503 2168 672 2201 homines
701 2167 742 2200 ad
783 2167 918 2207 Deum3
948 2165 1002 2198 lex
1032 2174 1150 2199 autem
1190 2165 1347 2200 humana
1373 2167 1504 2211 princi-

84 2225 209 2271 paliter
236 2226 277 2260 ab
305 2227 544 2261 ordinandum
571 2226 739 2260 homines
768 2225 809 2259 ad
837 2225 1003 2259 invicem.
1033 2225 1077 2258 Et
1103 2224 1185 2258 idco
1204 2224 1303 2269 leges
1323 2225 1502 2260 humanae

83 2298 156 2320 non
184 2295 397 2320 curaverunt
426 2286 557 2332 aliquid
586 2287 772 2320 instituere
791 2284 834 2319 de
862 2284 957 2319 cultu
986 2284 1120 2326 divum,
1148 2284 1215 2319 nisi
1244 2285 1280 2318 in
1306 2285 1430 2319 ordine
1459 2286 1502 2320 aui

83 2345 217 2380 bonum
243 2358 436 2381 commune
463 2346 677 2380 humanum:
706 2354 739 2379 et
767 2353 911 2390 propter
938 2344 1007 2378 hoc
1043 2345 1151 2379 etiam
1178 2344 1289 2378 multa
1316 2345 1503 2380 confinxe-

84 2413 165 2438 runt
191 2404 283 2438 circa
310 2416 366 2438 res
393 2404 541 2445 divinas,
574 2403 772 2438 secundum
812 2402 907 2449 quod
934 2403 1120 2438 videbatur
1146 2403 1197 2438 cis
1237 2403 1429 2448 expediens
1457 2405 1499 2439 ad

83 2463 331 2498 informandos
359 2475 479 2497 mores
507 2463 712 2497 hominum:
742 2463 831 2497 sicut
858 2471 952 2507 patet
982 2463 1015 2496 in
1046 2462 1110 2496 ritu
1138 2461 1338 2508 gentilium.
1365 2478 1378 2494 υ
