1705 2787
744 83 790 87 ---
829 69 909 112 252
948 75 997 88 ...A

253 167 281 207 l.
319 166 530 207 liri-2011&
559 190 607 194 —
636 164 801 206 lilectio
822 163 869 206 fit
889 180 910 206 a
930 164 1267 220 communitate,
1292 176 1416 221 quae,
1441 175 1577 221 quan-

162 235 216 278 do
252 238 305 277 sit
342 235 474 278 libera
510 235 667 292 suique
702 235 824 291 iuris,
849 248 994 292 potest
1019 234 1100 277 sibi
1126 235 1286 291 eligere
1311 235 1576 291 Principem,

162 307 234 362 qui
272 305 425 348 lrabeat
461 305 527 347 vel
561 322 611 347 ex
646 317 741 347 toto
775 305 843 348 vel
876 322 926 348 ex
964 318 1100 363 parte,
1150 306 1215 348 vel
1262 305 1462 348 absolute
1510 304 1578 347 vel

161 378 289 419 certis
324 376 406 418 sub
442 375 776 418 conditionibus
812 390 853 419 et
903 376 1273 433 restrictionibus,
1321 391 1576 433 supremam

160 448 485 489 auctoritatem.
522 446 652 488 Tales
688 461 810 490 erant
849 449 986 504 Reges
1030 464 1162 504 penes
1211 449 1418 505 antiquos
1468 447 1576 489 Ger-

162 533 315 560 manos
352 532 392 560 et
427 518 617 573 Gothos,
662 518 774 575 apud
826 534 937 576 quos
987 519 1246 575 suffragium
1293 519 1483 561 militum
1535 531 1576 561 et

159 591 428 646 optimatum
465 590 715 646 Principem
751 590 938 634 creabat.
976 618 1026 621 ——
1064 592 1179 633 Haec
1215 603 1363 633 autem
1414 589 1574 632 confir-

160 676 333 703 mamus
369 660 511 703 verbis
546 662 707 703 Leonis
742 663 860 718 XIII,
906 664 947 705 in
997 664 1120 720 epist.
1176 678 1268 705 enc.
1320 663 1576 705 Dintnrnmn

161 732 257 774 illm!
291 734 612 789 tclcrrimntntjlte
651 733 816 777 bellum:
855 752 874 773 ‹<
927 736 1114 777 Interest
1159 748 1305 777 autem
1351 733 1575 776 attendere

161 804 241 845 lioc
277 803 388 857 locO,
424 819 513 853 eOS,
549 805 623 860 qui
660 804 922 861 reipublicae
957 804 1199 862 praefuturi
1235 807 1337 861 sint,
1378 820 1505 862 posse
1531 807 1574 847 in

159 873 409 931 qubusdam
446 876 610 916 caussis
645 875 873 918 voluntate
908 875 1164 933 iudicioque
1199 876 1331 933 deligi
1374 876 1575 918 multitu-

159 944 288 1001 dinis,
323 960 413 987 non
448 944 705 988 adversante
740 962 883 1004 neque
908 960 1182 1003 repugnante
1207 945 1405 989 doctrina
1426 945 1575 988 catho-

160 1016 250 1058 lica.
289 1034 307 1055 »
345 1015 534 1058 Nullum
569 1017 704 1072 igitur
753 1016 954 1073 dubium,
1004 1019 1112 1074 quin
1147 1016 1277 1059 electio
1312 1032 1406 1059 esse
1440 1029 1573 1074 queat

159 1087 332 1143 titulus,
367 1089 407 1130 vi
442 1089 569 1129 cuius
613 1089 711 1145 quis
767 1088 938 1131 obtinet
989 1104 1243 1146 supremam
1292 1101 1573 1146 potestatem.

160 1159 385 1201 Notentur
421 1171 571 1200 autem
605 1158 749 1215 verba,
784 1175 896 1216 quae
920 1175 940 1201 a
968 1160 1157 1202 Summo
1183 1158 1400 1201 Pontifice
1424 1160 1573 1202 statim

159 1229 437 1273 subduntur:
476 1248 494 1270 «
534 1231 639 1282 Quo
674 1246 777 1273 sane
826 1230 996 1273 delectu
1048 1230 1305 1287 designatur
1355 1231 1574 1288 princeps,

159 1316 249 1342 non
284 1299 579 1343 conferuntur
613 1301 706 1343 iura
732 1301 1026 1358 principatus:
1064 1317 1207 1358 neque
1232 1299 1469 1343 mandatur
1492 1301 1575 1343 im-

159 1373 347 1428 perium,
381 1371 456 1414 sed
491 1373 699 1414 statuitur
734 1388 754 1414 a
790 1388 878 1430 quo
913 1374 968 1414 sit
1003 1372 1265 1429 gerendum.
1303 1390 1323 1412 »

247 1443 296 1485 ΙΙ.
333 1442 697 1500 ssffl.ru›1(1).-
724 1443 918 1496 Quando
954 1445 1156 1500 princeps
1191 1443 1348 1501 aliquis
1382 1443 1424 1485 in
1462 1442 1575 1485 bello

160 1516 259 1557 insto
295 1514 366 1573 (2)
402 1515 538 1557 alium
574 1528 739 1557 statum
776 1514 1042 1572 profligarit,
1088 1514 1180 1557 lieri
1215 1528 1374 1572 potest,
1411 1527 1457 1557 ut
1506 1516 1574 1557 ius

158 1749 190 1774 et
208 1737 475 1781 supernaturale
496 1738 612 1782 quoad
633 1738 797 1775 niodum:
818 1739 909 1772 iusta
926 1749 1157 1772 communem
1174 1747 1292 1771 autem
1309 1746 1343 1771 et
1358 1737 1573 1771 ordinariam

158 1799 421 1845 proficiendnm
448 1809 519 1831 non
548 1798 595 1832 ita
622 1798 670 1840 sit,
701 1799 782 1843 quia
810 1799 976 1832 homines
1005 1800 1100 1832 iuxta
1135 1807 1283 1832 naturae
1310 1798 1475 1832 ordinem
1502 1809 1575 1832 non

158 1858 445 1898 revelationibus,
485 1858 546 1891 sed
587 1857 737 1891 naturali
779 1858 916 1891 ratione
956 1868 1127 1903 reguntur
1166 1858 1200 1891 in
1238 1857 1292 1891 his
1333 1869 1423 1902 quae
1457 1857 1573 1892 civilia

159 1928 248 1951 sunt.
277 1935 319 1942 —
349 1917 457 1957 Quod
496 1925 630 1960 spectat
659 1916 700 1950 ad
739 1916 901 1955 alterum,
942 1918 1122 1951 successio
1162 1917 1366 1951 necessario
1407 1917 1575 1961 supponit

157 1977 356 2010 dominium
383 1977 417 2009 in
446 1987 500 2017 eo,
530 1976 583 2009 cui
611 1976 821 2017 succeditur,
838 1985 873 2010 et
900 1977 981 2010 ideo
1008 1977 1213 2010 necessario
1240 1976 1506 2009 deveniendum
1521 1984 1574 2011 est

158 2037 198 2069 ad
228 2036 393 2081 aliquem,
421 2036 478 2080 qui
508 2035 607 2069 alteri
636 2047 708 2068 non
735 2036 958 2070 successerit.
996 2037 1050 2069 De
1080 2035 1140 2069 illo
1169 2047 1255 2081 ergo
1283 2036 1399 2080 primo
1426 2035 1575 2080 inquiri-

157 2106 246 2135 mus,
275 2096 366 2128 unde
395 2094 557 2127 habuerit
583 2104 733 2138 regnum
761 2102 795 2128 et
822 2102 1050 2138 potestatem,
1078 2094 1160 2139 quia
1186 2105 1258 2127 non
1277 2093 1384 2127 habet
1404 2105 1422 2126 a
1442 2104 1479 2127 se
1499 2093 1574 2127 iure

156 2162 320 2195 naturae,
349 2165 435 2197 ergo
464 2153 645 2186 successio
672 2164 745 2186 non
780 2161 899 2197 potest
929 2163 1007 2187 esse
1046 2153 1161 2198 prima
1187 2152 1285 2187 radix
1322 2153 1511 2198 potestatis
1538 2152 1572 2186 in

157 2223 251 2257 rege.
280 2231 321 2237 -
352 2211 406 2246 Cf.
435 2213 576 2253 Sunoez,
605 2213 647 2245 de
675 2212 743 2257 leg.
772 2211 792 2246 l.
820 2212 878 2246 HI.
908 2223 937 2246 c.
964 2222 995 2254 4.
1025 2223 1121 2245 num.
1150 2222 1179 2257 3.
1208 2220 1241 2245 et
1268 2222 1300 2254 4.

227 2276 277 2316 (ι)
306 2271 360 2305 Cf,
388 2273 530 2313 Suarez,
558 2272 601 2305 de
638 2271 705 2316 leg.
735 2271 755 2305 l.
783 2272 842 2305 III.
883 2284 912 2306 c.
939 2282 972 2314 4.
1010 2283 1043 2305 n.
1071 2281 1116 2314 4.,
1155 2270 1225 2305 def.
1265 2270 1326 2305 fid.
1355 2269 1376 2305 l.
1396 2270 1456 2305 III.
1483 2283 1514 2306 c.
1543 2280 1575 2305 2.

155 2343 190 2366 n.
217 2332 275 2366 ult.
305 2333 396 2366 Vide
425 2334 532 2366 etiam
561 2333 778 2374 Liberatore‚
806 2333 859 2366 ius
887 2343 962 2367 soc.
991 2343 1088 2366 num.
1117 2342 1173 2377 77.

228 2393 279 2436 (2)
306 2392 459 2437 Oportet
489 2402 523 2427 ut
550 2392 683 2426 bellum
711 2393 754 2427 sit
782 2393 927 2426 iustum.
957 2391 1152 2437 «Saepius,
1182 2392 1228 2425 ait
1264 2390 1396 2426 Suarez
1425 2390 1493 2426 def.
1515 2391 1572 2426 fid.

156 2450 175 2486 l.
203 2464 244 2493 c.‚
272 2454 446 2498 contingit
474 2454 637 2497 occupari
668 2452 813 2497 aliquod
850 2463 1001 2496 regnum
1027 2462 1090 2496 per
1127 2450 1260 2485 bellum
1299 2452 1474 2493 iniustum,
1502 2461 1574 2498 quo
