1705 2787
703 90 932 143 „59—

106 207 182 234 seu
203 191 494 249 adstringitur
513 194 869 249 matrimonium,
887 194 963 238 sed
982 193 1240 252 spondetur.
1261 195 1352 247 Qui
1371 193 1525 237 coniu-

106 265 230 321 gium
254 263 508 321 spopondit,
534 263 663 307 debet
687 281 790 308 sane
813 278 1033 323 praestare
1058 265 1204 309 fidem:
1230 265 1349 324 quod
1373 266 1408 309 si
1433 282 1524 309 non

105 335 246 392 faciat,
260 335 446 378 violatae
461 333 562 378 fidei
585 351 684 378 reus
705 338 998 380 convincitur.
1015 338 1071 380 At
1091 339 1166 395 qui
1184 339 1525 381 matrimonium

106 408 339 463 contraxit,
388 408 470 450 etsi
504 419 656 464 postea
704 411 943 465 poeniteat,
988 422 1136 453 tamen
1181 409 1525 468 haudquaquam

106 490 252 537 potest
275 478 394 537 quod
428 478 593 522 factum
617 492 682 522 est
705 480 919 524 infectum
943 497 1018 524 seu
1044 483 1222 525 irritum
1247 481 1443 525 reddere.
1471 509 1523 513 —

104 552 145 610 c)
179 549 293 594 Illud
327 551 460 593 etiam
495 566 546 593 ex
579 550 706 594 dictis
741 564 874 609 patet,
909 568 1179 596 consensum
1213 552 1393 596 alterius
1428 566 1522 596 tan-

104 635 200 665 tum
234 637 324 664 non
349 620 550 665 sufficere
585 622 636 665 ad
671 615 1036 680 coniungentium
1066 626 1422 681 matrimonium,
1447 624 1522 668 sed

104 694 297 738 duorum
323 695 437 736 inter
462 709 507 736 se
531 703 714 737 mutuum
739 710 832 736 esse
857 694 1028 738 debere.
1051 723 1101 727 -—
1123 696 1171 755 d)
1192 696 1396 739 Tandem
1421 713 1524 739 con—

104 781 260 809 sensus
295 763 424 808 debet
468 780 561 807 esse
595 764 864 808 deliberatus:
899 767 1043 823 agitur
1079 768 1197 809 enim
1242 767 1293 810 de
1338 769 1447 821 iure,
1483 780 1525 811 et

104 838 177 880 tali
212 835 391 895 quidem
426 837 520 895 iure
554 836 786 879 alienando
821 849 862 879 et
896 836 947 880 de
983 837 1345 895 obligationibus,
1382 840 1522 897 iisque

105 921 194 951 tam
218 906 424 965 gravibus
450 906 756 964 suscipiendis.
795 926 813 948 «
842 907 908 950 Ad
934 909 1288 967 matrimonium,
1325 922 1372 952 ut
1396 910 1524 953 docet

104 998 136 1024 3.
173 980 375 1024 Thomas
409 979 496 1039 (Ι),
532 996 622 1023 non
657 979 818 1022 sufficit
852 980 1167 1039 quodcumque
1201 982 1522 1037 voluntarium,

103 1054 178 1097 sed
200 1053 506 1097 voluntarium
540 1053 786 1110 complete:
823 1054 923 1111 quia
948 1053 1075 1096 debet
1110 1070 1202 1095 esse
1238 1066 1519 1111 perpetuum,

105 1140 147 1170 et
181 1127 280 1170 ideo
314 1140 390 1182 per
424 1124 673 1168 violentum
709 1126 898 1168 mixtum
934 1125 1230 1182 impeditur.»

192 1199 244 1241 Π.
269 1196 448 1254 Duplici
473 1211 609 1253 porro
644 1197 814 1239 ratione
840 1208 985 1253 potest
1015 1198 1354 1240 matrimonium
1380 1200 1520 1241 consi-

105 1270 261 1314 derari:
282 1269 497 1312 nimirum
520 1295 571 1299 —
594 1280 641 1310 ut
661 1280 725 1310 est
749 1268 960 1311 naturalis
979 1269 1237 1311 coniunctio
1256 1285 1332 1311 seu
1353 1269 1524 1326 officium

103 1351 273 1385 naturae
293 1368 345 1372 —
372 1352 419 1384 ut
443 1352 507 1383 est
531 1339 731 1383 Ecclesiae
756 1349 1054 1383 sacramentrmz
1079 1356 1099 1381 a
1120 1340 1302 1383 Christo
1322 1341 1522 1383 Domino

103 1415 375 1457 institutum.
410 1413 502 1455 Hac
536 1413 617 1455 alia
650 1413 821 1455 ratione
862 1413 1201 1454 matrimonium
1236 1412 1521 1456 considerant

104 1484 330 1541 theologi:
366 1499 448 1527 nos
473 1484 517 1526 in
542 1482 823 1540 philosophia
860 1483 1197 1526 matrimonium
1223 1484 1361 1540 priori
1386 1481 1522 1526 modo

104 1567 369 1613 spectamuS,
404 1554 662 1611 simpliciter
698 1566 745 1597 ut
780 1567 843 1596 est
878 1556 921 1596 in
956 1553 1152 1596 officium
1188 1566 1382 1596 naturae.
1447 1557 1451 1562 '

192 1626 264 1668 ΙΙΙ.
300 1627 365 1668 Ι)6
401 1624 563 1668 finibus
597 1637 745 1668 autem
771 1625 1015 1682 praecipuis
1041 1625 1316 1666 matrimonii
1341 1624 1443 1666 haec
1469 1641 1521 1667 ex

104 1697 303 1755 angelico
323 1695 504 1740 doctore
524 1695 596 1755 (2)
616 1697 774 1754 accipe:
798 1696 1175 1738 «Matrimonium
1198 1694 1326 1738 habet
1341 1711 1420 1753 pro
1437 1695 1522 1739 sine

173 1895 229 1940 (1)
258 1896 296 1929 In
325 1895 436 1941 suppl.
464 1907 495 1941 q.
524 1905 578 1940 47.
608 1908 636 1929 a.
669 1907 695 1940 3.
725 1895 767 1929 ad
796 1907 825 1930 2.

172 1955 228 2000 (2)
256 1954 375 2000 Suppl.
396 1967 428 2000 q.
459 1955 513 1999 65.
543 1968 572 1989 a.
605 1967 631 1989 1.
654 1975 695 1981 —
719 1955 771 1989 (Js,
805 1956 910 1989 etiam
943 1955 1046 1988 (tara.
1070 1954 1333 1997 Bellarmiuum,
1362 1965 1522 1991 controv.

103 2013 146 2046 de
165 2024 252 2047 sacr.
282 2013 434 2047 matrim.
455 2012 474 2046 l.
496 2024 521 2047 1.
544 2024 571 2047 c.
598 2024 659 2047 io.:
679 2026 694 2043 a
710 2013 803 2047 Finis
823 2013 1008 2057 primarius
1031 2021 1083 2046 est
1103 2013 1282 2057 susceptio
1303 2022 1336 2047 et
1357 2013 1521 2048 educatio

101 2071 255 2117 prolis..
273 2098 279 2106 .
310 2071 410 2106 Alter
428 2072 508 2106 sinis
537 2081 590 2107 cst
610 2072 807 2106 dmncstica
831 2072 982 2105 societas
1007 2080 1039 2105 ct
1059 2073 1339 2106 communicatio
1361 2084 1520 2117 operum,

102 2143 191 2177 quae
211 2130 253 2166 ad
270 2131 380 2166 vitam
396 2132 598 2166 necessaria
615 2141 708 2166 suut.
727 2130 1115 2171 N21111,utA1·ist‹)teles
1134 2130 1239 2164 docet
1255 2130 1274 2164 l.
1291 2131 1386 2164 VIII.
1410 2132 1521 2166 litluc.

102 2203 177 2236 cap.
210 2201 272 2233 12„
299 2191 351 2224 vir
379 2200 414 2226 ct
440 2202 528 2225 uxor
556 2203 627 2225 nou
671 2191 864 2235 iunguntur
891 2189 1006 2222 solum
1035 2189 1076 2223 ad
1105 2190 1377 2233 procreandum,
1406 2200 1441 2224 ut
1469 2203 1523 2224 cc-

102 2259 176 2285 tcra
204 2250 381 2293 animalia,
410 2250 472 2284 sed
500 2251 608 2285 etiam
636 2250 677 2284 ad
700 2249 989 2287 cohabitandum,
1014 2258 1050 2283 ut
1070 2248 1174 2282 simul
1202 2248 1373 2282 familiam
1394 2259 1519 2294 regant

103 2319 137 2344 et
165 2310 281 2344 officia
309 2311 509 2344 domestica
536 2311 628 2344 inter
657 2322 693 2343 se
721 2309 931 2353 partiantur:
961 2307 1026 2341 alia
1055 2308 1148 2341 cuim
1178 2308 1297 2342 munia
1335 2309 1422 2349 viro,
1453 2308 1520 2343 alia

102 2370 201 2403 uxori
230 2370 496 2403 conveniunt..
520 2396 527 2402 .
556 2369 699 2402 Tertius
729 2367 807 2400 sinis
837 2376 899 2402 cst,
921 2375 957 2400 ut
976 2367 1017 2399 sit
1046 2367 1252 2409 coniugium
1272 2367 1305 2399 in
1322 2367 1518 2400 remedium

104 2438 227 2462 contra
257 2428 656 2473 concupiscentiam...
699 2428 855 2469 Quartus
897 2425 975 2460 sinis
1015 2434 1077 2468 cst,
1118 2434 1153 2459 ut
1184 2426 1227 2461 sit
1255 2435 1519 2460 sacramentum

105 2487 235 2524 Christi
266 2497 299 2523 et
327 2487 518 2523 Ecclesiae.
548 2503 561 2517 »
660 2484 663 2487 ’

1430 2568 1440 2598 5
