1705 2787
0 2672 41 2787 „a

729 65 959 123 -89-⁴

133 170 342 215 vortium.
365 170 610 228 perfectum
645 184 710 215 est
743 171 947 230 abruptio
972 172 1137 217 vinculi
1161 172 1299 230 ipsius
1323 171 1554 231 maritalis,

131 245 190 287 ita
227 256 276 286 ut
310 255 503 301 potestas
539 243 614 286 fiat
648 245 914 301 coniugibus
949 244 1208 288 transeundi
1241 243 1294 287 ad
1328 245 1431 287 alias
1472 261 1554 289 nu—

131 316 259 372 ptias.

220 387 478 430 Divortium
497 385 807 443 imperfectum
830 398 976 444 potest
995 386 1231 444 quandoque
1252 401 1345 428 esse
1364 386 1552 444 licitum,

131 457 310 516 quando
345 459 561 501 nimirum
596 459 710 500 iusta
744 457 856 500 adsit
890 474 936 501 ac
970 474 1070 501 vere
1105 457 1379 501 rationabilis
1404 474 1549 502 causa.

133 547 152 570 «
190 530 376 573 Evenire
411 546 475 572 ex.
511 544 575 585 gr.
611 541 772 586 potest,
806 531 865 571 ita
900 529 1261 588 Liber-atonem),
1297 541 1344 573 ut
1369 542 1556 573 mutuus

129 616 254 644 amor
288 616 379 644 non
414 600 551 644 modo
586 599 868 649 defervescat,
903 601 977 644 sed
1002 603 1046 643 in
1072 600 1225 643 odium
1251 614 1553 659 convertatur,

129 673 189 714 ita
224 683 273 714 ut
307 671 604 729 tranquillitas
639 672 753 714 vitae
788 684 829 713 et
863 671 1041 729 pacifica
1087 671 1248 714 domus
1290 671 1555 728 gubernatio

130 742 281 786 haberi
315 743 505 800 amplius
540 755 744 800 nequeat.
781 744 911 786 Tunc
946 756 1062 785 certe
1087 744 1199 785 ratio
1224 744 1472 801 persuadet,
1506 757 1556 788 ut

129 815 344 871 coniuges
379 813 430 857 ad
464 826 640 871 tempus
676 814 833 857 saltem
884 827 1158 871 separentur,
1194 813 1334 857 donec
1368 828 1554 859 mutuus

129 901 254 928 amor
289 884 629 942 redintegretur.
665 886 834 928 Pariter
859 887 894 928 si
919 888 1165 943 coniugum
1190 886 1400 930 alteruter
1419 886 1553 931 fidem

129 957 410 1000 matrimonii
443 956 596 1012 violet,
621 968 695 998 aut
721 972 923 1013 perversa
949 956 1049 1013 fuga
1075 958 1247 999 socium
1278 957 1462 1015 deserat,
1485 958 1554 1002 vel

128 1029 319 1086 graviter
354 1027 557 1081 divexet;
592 1029 660 1070 ius
695 1028 820 1070 alteri
853 1030 935 1071 erit
969 1045 990 1070 a
1026 1041 1214 1071 nocente
1239 1027 1475 1086 discedere,
1501 1029 1554 1073 ad

130 1114 176 1141 se
211 1089 701 1156 iniusta'oppressione
736 1098 1030 1153 liberandum,
1065 1111 1140 1141 aut
1175 1099 1354 1143 alterius
1404 1100 1546 1143 scelus

129 1169 205 1212 tali
239 1170 518 1227 separatione
551 1167 846 1226 puniendum.
881 1169 929 1212 Id
964 1182 1112 1212 tamen
1147 1168 1292 1226 quoad
1327 1169 1551 1214 cohabita-

129 1241 300 1284 tionem
334 1252 510 1283 tantum
533 1239 878 1297 intelligendum
904 1253 996 1283 est:
1033 1240 1116 1282 hoc
1151 1241 1270 1282 enim
1305 1240 1468 1284 sufficit
1502 1240 1554 1284 ad

131 1311 301 1355 malum
337 1310 447 1354 illud
481 1310 791 1367 avertendum,
824 1327 902 1354 nec
938 1310 1055 1354 aliud
1091 1327 1240 1354 revera
1274 1311 1466 1368 probant
1488 1328 1554 1355 ar—

128 1394 358 1440 gumenta,
394 1398 505 1441 quae
539 1398 561 1424 a
595 1381 903 1425 defensoribus
939 1382 1117 1425 divortii
1152 1382 1410 1426 afferuntur.
1449 1401 1468 1423 »

216 1456 282 1498 De
316 1453 509 1497 divortio
543 1454 679 1511 igitur
713 1454 908 1512 perfecto
944 1453 1264 1511 inquirendum
1290 1467 1369 1510 est,
1396 1467 1550 1498 utrum

126 1526 171 1568 in
207 1529 425 1583 potestate
461 1526 706 1582 coniugum
728 1528 798 1582 sit,
818 1526 1046 1569 vinculum
1072 1527 1219 1583 ipsum
1244 1526 1459 1582 maritale,
1486 1541 1552 1568 se-

125 1597 214 1640 mel
233 1597 319 1639 iam
354 1596 494 1640 libero
529 1612 749 1639 consensu
771 1596 1047 1649 adstrictum,
1070 1598 1249 1654 proprio
1270 1596 1454 1639 arbitrio
1473 1613 1549 1640 seu

127 1683 347 1712 consensu
383 1668 660 1726 abrumpere.
697 1669 782 1711 Cui
808 1670 1059 1726 quaestioni
1084 1669 1286 1724 negative
1313 1668 1551 1725 responde-

126 1755 256 1784 mus:
292 1742 404 1784 ratio
440 1743 558 1784 enim
597 1740 705 1784 bene
742 1741 942 1783 consulta
969 1740 1100 1792 videt,
1132 1740 1379 1782 naturalem
1407 1740 1550 1797 legem

125 1813 391 1871 coniugibus
427 1828 711 1873 nequaquam
736 1812 976 1855 concedere
1001 1811 1247 1855 illiusmodi
1267 1824 1550 1870 potestatem,

126 1884 201 1929 sed
236 1901 257 1928 e
291 1887 516 1929 contrario
551 1884 959 1944 quaemadmodum
986 1886 1204 1927 unitatem
1238 1885 1297 1927 ita
1332 1885 1465 1928 etiam
1486 1886 1552 1929 in-

126 1957 364 2001 trinsecam
385 1956 826 2002 indissolubilitatem
848 1958 891 1999 in
913 1957 1125 2013 coniugio
1148 1955 1445 2013 praescribere
1465 1955 1552 2016 (2).

193 2175 249 2221 (1)
275 2176 333 2211 Ius
360 2186 431 2212 nat.
459 2185 546 2223 part.
576 2186 605 2212 2.
633 2187 728 2212 num.
762 2187 812 2221 13.

197 2236 242 2278 (2)
270 2236 347 2270 Nec
375 2247 489 2282 putes,
518 2237 611 2270 hanc
640 2248 719 2271 esse
746 2235 843 2281 parvi
873 2233 1046 2269 momenti
1067 2234 1329 2281 quaestionem,
1350 2244 1548 2281 parumque

125 2293 269 2337 referre,
298 2305 416 2330 utrum
455 2297 729 2331 matrimonium
769 2296 813 2329 sit
854 2295 1051 2329 extrinsece
1088 2304 1225 2330 tantum
1255 2308 1297 2330 an
1325 2308 1411 2330 vero
1441 2295 1549 2329 etiam

125 2352 170 2386 sit
197 2353 389 2388 intrinsece
419 2354 592 2388 solubile:
621 2363 848 2399 quocumque
878 2354 973 2386 enim
1001 2354 1110 2387 modo
1130 2366 1185 2388 res
1205 2367 1242 2388 se
1262 2355 1402 2396 habeat,
1428 2362 1551 2388 manet

126 2420 269 2457 semper
295 2412 458 2447 solubile.
475 2431 516 2437 —
535 2413 679 2447 Etenim
707 2423 878 2456 maguum
907 2412 998 2446 inter
1026 2413 1096 2446 duo
1123 2412 1182 2447 illa
1213 2413 1401 2447 intercedit
1427 2412 1552 2446 discri—

127 2479 222 2505 men.
250 2470 286 2505 Si
314 2471 525 2518 coniugium
553 2482 637 2505 vere
668 2479 722 2505 est
747 2470 940 2505 intrinsece
969 2470 1129 2514 solubile,
1169 2471 1352 2506 subiicitur
1377 2469 1554 2507 voluntati
