1705 2787
113 187 247 232 fuerit
282 202 437 244 necne,
472 187 664 245 pertinet
716 186 768 231 ad
792 199 1059 245 potestatem
1093 186 1230 243 illam,
1274 186 1344 230 cui
1367 185 1536 230 ordinis

113 259 311 317 religiosi
346 271 388 302 et
422 259 533 302 sacri
568 274 672 302 cura
706 271 771 302 est
805 260 1058 302 commissa.
1082 258 1225 302 Simili
1260 270 1387 315 pacto
1412 258 1537 300 insti-

111 331 228 374 tutio
262 346 339 374 seu
374 329 579 374 educatio
614 329 812 373 filiorum
847 346 869 373 a
902 331 997 388 lege
1031 331 1193 387 altiori,
1227 330 1253 373 i.
1288 346 1324 373 e.
1359 329 1410 372 ab
1445 330 1537 387 ipsa

112 402 208 459 lege
242 400 390 445 divina
433 401 639 457 naturali,
689 400 853 444 directe
888 414 929 444 et
963 402 1141 459 proprie
1185 401 1424 444 commissa
1471 413 1537 443 est

111 472 382 531 parentibus.
418 473 537 530 Ergo
571 473 736 530 poterit
772 473 975 530 princeps
1010 472 1148 515 civilis
1184 488 1342 529 urgere
1376 487 1532 529 paren-

112 558 192 603 tes,
226 544 498 603 eosdemque
532 543 737 587 adiuvare
772 543 823 588 ad
858 560 1024 587 munus
1059 544 1141 587 sibi
1175 559 1197 586 a
1232 557 1387 587 natura
1412 560 1535 587 com-

111 619 302 661 missum
336 629 452 660 recte
485 615 779 674 implendum:
815 615 891 659 sed
924 617 1079 674 nequit
1113 632 1279 659 munus
1313 615 1423 659 illud
1448 615 1531 658 sibi

112 688 276 732 directe
310 703 551 744 assumere,
569 700 644 730 aut
668 689 912 745 quominus
935 689 1032 746 ipsi,
1059 687 1220 746 quibus
1240 688 1534 730 commissum

112 772 191 817 est,
226 772 343 803 recte
377 759 593 817 impleant
627 758 857 815 impedire.

208 831 386 876 Obiectio
422 835 483 874 23²
514 831 723 887 Princeps
759 830 897 872 civilis
933 830 1063 873 habet
1098 831 1164 873 ius
1200 831 1243 873 in
1269 846 1342 873 eos
1363 846 1535 887 omnes,

110 903 186 961 qui
221 901 425 944 membra
459 913 565 944 sunt
599 900 738 943 civilis
773 901 1011 943 societatis.
1047 901 1130 944 Sed
1165 900 1243 943 filii
1267 913 1370 944 sunt
1395 916 1535 943 mem-

112 973 187 1017 bra
223 973 362 1017 civilis
397 973 637 1016 societatis.
672 973 790 1030 Ergo
825 975 869 1016 in
905 989 979 1016 eos
1014 973 1145 1016 habet
1179 974 1261 1016 ius.

199 1048 437 1105 Responsio.
491 1046 606 1102 Filii,
651 1046 863 1104 quamdiu
900 1048 1097 1089 minores
1133 1060 1236 1090 sunt
1271 1060 1313 1090 et
1347 1045 1428 1089 sub
1463 1062 1535 1104 pa-

111 1131 291 1163 rentum
325 1134 429 1161 cura
463 1119 712 1174 constituti,
747 1131 851 1161 sunt
871 1118 1034 1161 directe
1054 1131 1094 1161 et
1115 1119 1369 1162 immediate
1395 1133 1536 1161 mem-

111 1190 185 1234 bra
219 1189 424 1246 familiae,
458 1202 563 1233 sunt
597 1190 761 1233 directe
796 1203 837 1233 et
871 1190 1126 1233 immediate
1182 1203 1418 1247 parentum
1454 1206 1531 1248 po-

110 1261 257 1304 testati
291 1260 491 1303 subiecti:
528 1259 751 1303 mediante
785 1276 890 1303 vero
924 1259 1089 1303 familia
1122 1274 1226 1303 sunt
1246 1260 1445 1303 membra
1465 1276 1534 1303 so-

112 1333 282 1376 cietatis
317 1332 472 1388 civilis,
506 1331 729 1375 mediante
764 1345 885 1389 patre
911 1331 1009 1390 (qui
1044 1333 1220 1389 proprie
1255 1334 1359 1375 civis
1395 1345 1459 1375 est
1493 1344 1534 1375 et

109 1403 324 1446 familiam
359 1405 430 1447 cui
465 1415 635 1462 praeest
670 1416 970 1461 repraesentat
995 1403 1178 1447 iuridice
1228 1420 1378 1447 coram
1414 1405 1529 1447 civili

110 1473 344 1533 societate)
379 1485 486 1517 sunt
519 1473 706 1517 subiecti
741 1475 949 1531 potestati
985 1475 1195 1531 principis
1230 1475 1382 1517 civilis.
1418 1475 1533 1517 Hinc

108 1562 201 1589 non
236 1558 342 1589 sunt
377 1546 532 1588 stricto
567 1561 613 1588 ac
648 1545 843 1603 perfecto
878 1562 1009 1588 sensu
1046 1547 1167 1588 cives.
1202 1547 1316 1603 Apte
1362 1547 1534 1589 Aristo-

111 1617 218 1660 teles
239 1617 326 1677 (1):
365 1635 385 1658 «
422 1618 569 1673 Pueri,
605 1618 681 1675 qui
715 1616 919 1660 nondum
955 1633 1030 1675 per
1065 1629 1252 1659 aetatem
1289 1618 1331 1659 in
1376 1633 1534 1660 nume-

108 1705 209 1733 rum
243 1690 408 1732 civium
443 1688 651 1747 adscripti
700 1702 819 1744 sunt,
870 1702 911 1731 et
946 1705 1088 1744 sene3‚
1123 1690 1198 1746 qui
1254 1690 1531 1732 vacationem

109 1762 340 1804 consecuti
373 1774 478 1804 sunt
512 1777 533 1804 a
568 1761 831 1804 muneribus
869 1760 1085 1816 civilibus,
1130 1760 1303 1804 dicendi
1351 1761 1530 1819 quidem

107 1844 212 1875 sunt
246 1832 396 1891 aliquo
431 1832 568 1876 modo
602 1834 726 1888 cives,
763 1848 853 1875 non
889 1833 1147 1889 simpliciter
1202 1845 1350 1875 tamen
1385 1845 1427 1875 et
1460 1832 1531 1875 ab—

107 1903 268 1960 solute,
302 1904 378 1947 sed
413 1919 515 1947 cum
551 1903 816 1958 adiectione,
852 1903 913 1946 illi
963 1902 1143 1960 quidem
1196 1904 1433 1961 imperfecti,
1490 1903 1533 1946 hi

105 1988 254 2018 autem
288 1976 469 2034 confecti.
503 1994 522 2016 n
577 1977 673 2019 Hoc
725 1988 853 2033 pacto
906 1976 1016 2017 ratio
1052 1990 1097 2017 ac
1134 1987 1289 2017 natura
1334 1988 1532 2018 servatur

104 2048 327 2090 societatis
363 2047 518 2103 civilis,
553 2063 665 2105 quae
700 2047 867 2089 scilicet
902 2059 965 2088 est
991 2047 1176 2088 societas
1198 2048 1418 2104 c0121p‹›5itc1
1444 2047 1530 2105 (2).

105 2118 273 2161 Civitas
309 2119 508 2176 exsurgit
543 2117 803 2173 immediate
837 2134 888 2160 ex
922 2116 1113 2173 familiis,
1149 2116 1309 2160 familia
1344 2135 1394 2161 ex
1420 2118 1531 2162 indi-

199 2365 210 2388 1
262 2353 366 2388 Polit.
395 2355 454 2389 Ill.
487 2366 514 2388 ι.

176 2353 234 2458 {23
262 2413 317 2448 Cf.
343 2425 460 2459 super.
505 2413 598 2448 thes.
638 2414 822 2448 XXXVII.
850 2414 884 2446 in
923 2424 991 2458 qua
1019 2412 1062 2447 de
1090 2411 1323 2447 divisionibus
1349 2411 1528 2448 humanae

107 2472 288 2508 societatis
317 2473 465 2515 egimus.
