1705 2787
780 100 1038 158 *138*

207 218 414 248 tenentur
449 203 594 248 officio
629 207 835 262 positivo,
871 205 985 249 bona
1018 222 1095 249 sua
1130 205 1228 250 siliis
1252 223 1303 250 ex
1325 218 1446 265 parte
1480 219 1621 250 trans·

207 276 428 319 mittendi.
448 304 499 307 —
526 278 582 319 At
607 277 757 334 quaeri
781 289 942 334 potest⁷
979 289 1129 320 utrum
1154 277 1398 321 illiusmodi
1423 278 1620 321 officium

208 363 296 389 non
334 347 469 389 modo
503 348 557 390 sit
585 348 825 404 positivum,
859 348 933 390 sed
968 349 1099 390 etiam
1134 348 1335 405 naturale,
1359 360 1510 392 ortum
1539 349 1622 391 sci-

210 420 306 460 licet
341 417 391 459 ab
426 419 515 474 ipsa
552 417 740 460 naturali
784 418 894 476 lege,
943 435 1053 476 quae
1102 419 1144 462 id
1193 419 1450 477 parentibus
1501 435 1624 478 prae—

208 490 391 532 scribat:
417 503 457 532 et
483 506 503 531 e
528 505 759 547 converso,
794 503 946 534 utrum
980 492 1047 534 ius
1084 491 1279 535 filiorum
1309 492 1359 535 ad
1393 504 1622 550 paternam

209 560 523 602 haereditatem
549 576 639 602 non
674 560 810 603 modo
835 562 890 603 311
909 562 1145 619 positivum,
1165 561 1239 605 sed
1264 563 1396 605 etiam
1419 562 1620 615 naturale,

208 632 234 674 i.
270 648 304 673 e.
340 630 391 673 ab
425 632 517 688 ipsa
551 632 739 674 naturali
774 631 868 689 lege
902 631 1003 675 filiis
1038 648 1315 676 concessum.

297 702 562 759 Respondeo
586 718 687 746 cum
723 703 944 761 Taparelli
977 704 1072 763 (1):
1100 705 1318 757 Quamvis
1352 705 1441 747 sint
1474 716 1624 747 aucto-

210 792 291 832 res,
326 777 401 833 qui
434 788 598 833 negent
621 777 689 819 ius
725 775 921 819 filiorum
956 776 1007 820 ad
1041 789 1271 835 paternam
1306 775 1624 820 haereditatem

207 845 432 889 dimanare
456 861 478 888 a
511 846 606 903 lege
649 846 854 902 naturaii,
888 845 1026 889 fateor
1061 859 1225 904 tamen,
1275 863 1345 889 me
1389 861 1621 904 nunquam

206 919 403 976 potuisse
437 919 639 960 animum
672 917 881 961 inducere
915 918 966 962 ad
1003 935 1098 961 eam
1133 918 1486 977 amplectendam
1525 934 1622 961 sen-

209 990 409 1046 tentiam,
435 1003 587 1032 contra
613 1005 745 1047 quam
771 1002 812 1032 et
838 990 1098 1033 universalis
1117 992 1320 1047 gentium
1339 1006 1424 1033 vox
1443 1001 1484 1032 et
1505 1004 1626 1032 com-

209 1060 358 1102 munis
393 1072 628 1116 parentum
663 1059 840 1102 affectus
875 1060 1161 1103 vehementer
1196 1062 1450 1117 insurgunt.
1483 1077 1502 1100 α
1539 1061 1625 1103 De-

212 1129 315 1173 bent
350 1142 551 1187 parentes
587 1129 688 1172 siliis
723 1130 1021 1174 thesaurizare
1055 1130 1142 1190 (2).
1180 1149 1199 1171 »
1237 1158 1288 1162 --
1325 1131 1442 1174 Cum
1476 1142 1625 1173 autem

211 1201 293 1244 hoc
328 1214 564 1258 parentum
594 1200 790 1244 officium
840 1215 1034 1259 tuemur,
1068 1218 1158 1245 non
1204 1202 1365 1246 idcirco
1411 1217 1624 1259 negamus

210 1272 468 1330 parentibus
488 1274 555 1316 ius
585 1272 748 1331 ubique
770 1286 1013 1331 receptum,
1034 1273 1146 1316 111103
1172 1273 1402 1331 improbos
1428 1286 1468 1316 et
1487 1274 1627 1331 pervi-

212 1359 349 1399 caceS,
387 1356 433 1386 ut
468 1343 671 1386 eiiciendi
706 1343 857 1400 domo,
892 1346 951 1386 sic
976 1345 1107 1388 etiam
1133 1343 1466 1387 exhaeredandi.

300 1414 545 1470 Arguimus
575 1414 648 1473 1.0)
683 1430 734 1457 ex
758 1430 808 1457 eo
834 1413 953 1472 quod
986 1416 1053 1456 ius
1079 1413 1275 1457 filiorum
1310 1413 1362 1457 ad
1396 1426 1627 1471 paternam

216 1485 531 1529 haereditatem
568 1500 911 1544 recognoscatur
937 1502 1012 1529 seu
1038 1488 1181 1543 vigeat
1215 1502 1306 1529 non
1341 1487 1386 1529 in
1421 1486 1500 1528 hac
1533 1497 1627 1528 tan-

211 1571 308 1601 tum
341 1558 409 1601 vel
443 1559 487 1600 in
522 1558 609 1614 illa,
637 1558 711 1601 sed
746 1560 790 1601 in
825 1559 975 1616 quavis
1011 1559 1219 1600 societate
1254 1558 1383 1601 civili.
1408 1556 1456 1600 Id
1478 1570 1627 1600 autem

212 1631 426 1675 indicium
460 1631 659 1689 profecto
709 1645 788 1688 631,
836 1633 903 1674 ius
954 1631 1037 1673 hoc
1084 1630 1321 1688 procedere
1356 1645 1378 1672 a
1412 1630 1506 1686 lege
1555 1629 1628 1672 iila

211 1701 415 1758 naturali,
464 1717 574 1759 quae
622 1717 725 1744 cum
760 1703 815 1744 sit
850 1702 1063 1745 naturalis
1098 1715 1163 1745 est
1196 1702 1450 1745 communis
1500 1700 1626 1743 omni

211 1774 327 1817 civili
360 1775 575 1831 societati,
609 1790 701 1817 non
733 1789 837 1817 vero
872 1789 894 1816 a
928 1774 1022 1831 lege
1056 1776 1259 1832 positiva,
1284 1789 1394 1832 quae
1418 1773 1535 1816 varia
1559 1783 1625 1814 est

283 1970 338 2014 (1)
366 1970 491 2015 Saggio
521 1980 592 2003 ecc.
620 1969 757 2004 dissert.
785 1969 865 2003 VII.
892 1981 920 2003 c.
952 1980 980 2013 3.
1007 1981 1041 2003 n.
1072 1979 1171 2012 1524.

283 2028 339 2073 (2)
365 2029 409 2062 II.
437 2028 520 2062 Cor.
547 2029 624 2062 XII.
655 2038 709 2070 14.
739 2047 781 2052 —
811 2027 883 2062 Cfr.
911 2040 938 2062 3.
967 2028 1132 2062 Tliomae
1161 2033 1355 2061 comment.
1383 2026 1418 2059 in
1438 2025 1474 2058 h.
1493 2024 1512 2058 1.
1536 2023 1629 2058 Cum

213 2088 337 2122 dixerit
365 2100 390 2122 s.
419 2087 560 2131 Paulus,
590 2101 604 2118 α
632 2088 912 2133 nondebentfilii
932 2088 1133 2134 parentibus
1161 2087 1389 2130 thesaurizare
1402 2085 1457 2119 sed
1472 2090 1630 2131 parentes

207 2149 297 2195 filiis
322 2163 350 2190 υ,
367 2149 521 2182 obiectio
550 2149 722 2194 exsurgit:
751 2148 812 2182 filii
841 2160 982 2193 quoque
1004 2149 1135 2182 debent
1154 2147 1395 2181 thesaurizare
1423 2146 1628 2190 parentibus

214 2207 295 2252 quia
322 2207 451 2240 debent
478 2207 519 2240 iis
547 2207 747 2240 subvenire.
782 2207 882 2240 Hanc
911 2207 1152 2240 obiectionem
1180 2206 1223 2239 ita
1266 2204 1371 2238 solvit
1400 2215 1426 2238 s.
1455 2204 1629 2246 Thomas,

213 2277 344 2299 comm.
376 2265 444 2298 cit.:
474 2277 488 2294 a
516 2266 566 2298 Ex
592 2274 783 2310 praecepto
810 2274 976 2299 tenentur
1003 2265 1065 2298 filii
1084 2265 1285 2298 ministrare
1305 2271 1338 2296 et
1360 2262 1548 2296 subvenire
1568 2274 1632 2307 pa-

214 2325 370 2358 rentibus
402 2325 437 2357 in
464 2325 686 2367 necessariis,
727 2337 799 2358 non
828 2334 947 2359 autem
974 2335 1195 2370 congregare
1223 2332 1255 2357 et
1295 2323 1536 2357 thesaurizare
1565 2322 1627 2356 eis.

213 2383 308 2417 Nam
335 2383 586 2418 thesaurizatio
615 2392 648 2417 et
687 2386 921 2430 congregatio
950 2384 989 2418 fit
1014 2385 1049 2417 in
1076 2391 1272 2427 posterum.
1304 2396 1320 2414 »
1362 2383 1467 2416 Pater
1500 2387 1563 2427 per
1598 2392 1632 2414 se

213 2450 354 2477 tenetur
380 2442 568 2488 providere
595 2442 694 2477 filiis:
722 2443 756 2476 hi
784 2444 872 2489 patri
901 2454 1105 2478 succurrere
1125 2450 1292 2477 tenentur
1303 2447 1366 2489 per
1393 2441 1553 2477 accidens.
1575 2439 1631 2475 Cf.

215 2514 330 2547 super.
360 2515 442 2548 pag.
475 2515 553 2548 13¹·
