1705 2787
789 103 841 114 ·———
879 81 960 125 20ss
997 106 1047 114 --

211 189 376 234 oritur:
417 203 583 240 utrum„
619 204 718 232 cuin
759 189 923 231 multae
957 190 1045 231 sint
1082 190 1308 246 regiminis
1334 187 1499 234 formae
1523 178 1623 249 pos:

210 264 372 320 sibiles,
397 265 461 305 lex
488 263 714 317 naturalis,
735 276 845 318 quae
870 261 963 303 vult
988 261 1291 317 principatum
1321 263 1493 304 civilem
1519 278 1627 319 6336,

210 337 322 377 111161·
357 336 494 377 varias
545 334 636 374 illas
688 333 918 388 regiminis
968 331 1134 373 formas
1191 334 1429 390 praeeligat
1475 348 1628 391 unam,

209 422 394 464 eamque
428 404 738 448 antecedenter
773 403 825 446 ad
858 402 967 446 sacta
1013 402 1211 446 humana
1246 416 1288 446 et
1323 405 1627 462 contingentia

210 477 595 533 praedeterminet,
645 487 874 531 tamquam
921 474 1041 517 illam
1077 475 1122 515 in
1174 489 1260 531 qua
1294 475 1433 517 civilis
1469 476 1630 532 princi—

210 561 337 605 patus
372 548 540 590 actuari
574 545 742 589 debeat.
778 547 840 588 Ita
864 561 909 586 se
934 546 1045 601 gerit
1071 561 1175 588 cum
1209 545 1392 603 familia,
1426 562 1505 604 pro
1540 562 1627 605 qua

212 618 583 676 praedeterminat
607 617 797 660 formam
825 616 1179 660 monarchicam:
1206 633 1319 659 anne
1344 619 1478 661 simili
1502 631 1629 676 pacto

213 708 257 733 se
291 692 403 747 gerit
438 705 542 732 cum
576 691 778 733 civitate?
829 689 894 730 lin
944 690 1147 746 quaestio
1197 689 1408 732 solvenda
1457 690 1538 732 hac
1581 691 1626 733 111

213 763 341 820 111631,
376 777 488 820 quae
522 760 629 804 duas
664 759 794 803 habet
830 772 987 817 partes.

302 835 333 876 Ι.
367 832 434 875 Ad
468 833 664 889 priorem
699 831 835 873 huius
868 831 1043 872 theseos
1078 843 1249 887 partem
1301 831 1420 889 quod
1454 833 1632 890 attinet,

215 904 321 947 illud
357 906 575 947 recolatur
610 902 941 945 fundamentale
966 903 1255 959 principium,
1282 902 1401 960 quod
1436 904 1523 945 iam
1544 905 1630 947 alio

216 977 311 1018 loco
346 976 418 1034 (1)
453 976 715 1017 statuimus:
753 972 956 1030 Quiquid
983 989 1082 1015 vere
1108 975 1300 1029 exigitur
1325 990 1346 1016 a
1370 973 1472 1031 11116,
1497 991 1630 1033 quem

217 1061 372 1090 natura
409 1063 460 1089 ex
494 1061 625 1103 opere
659 1046 810 1102 aliquo
850 1043 1055 1100 intendit,
1105 1060 1181 1086 seu
1230 1045 1448 1103 quidquid
1483 1059 1547 1089 est
1580 1046 1632 1090 ad

216 1118 375 1161 intenti
409 1116 510 1159 finis
546 1116 915 1158 consecutionem
949 1117 1269 1171 necessarium,
1294 1115 1402 1158 iilud
1426 1118 1633 1174 praecipi-

216 1204 287 1233 tur
322 1206 343 1232 a
379 1190 472 1246 lege
507 1200 714 1230 naturae:
764 1202 844 1228 nec
891 1185 1179 1228 solummodo
1230 1186 1448 1245 quidquid
1482 1201 1546 1231 est
1580 1204 1631 1232 eo

211 1278 348 1305 sensu
369 1261 685 1316 necessarium>
710 1257 830 1316 quod
854 1257 1019 1315 absque
1041 1259 1137 1314 ipso
1162 1257 1262 1300 finis
1288 1259 1486 1302 intentus
1507 1260 1631 1303 nullo

218 1346 344 1392 pacto
381 1332 648 1387 obtineatur,
683 1331 757 1373 sed
782 1332 915 1373 etiam
951 1329 1165 1386 quidquid
1195 1341 1259 1372 est
1283 1331 1368 1372 alio
1394 1330 1477 1373 1106
1497 1347 1630 1375 sensu

219 1406 534 1460 necessarium,
569 1401 689 1460 quod
713 1401 878 1458 absque
908 1416 959 1442 eo
985 1399 1084 1442 sinis
1104 1415 1195 1442 non
1218 1399 1342 1458 bene,
1363 1417 1454 1445 non
1473 1417 1632 1446 conve—

219 1478 406 1532 nienter,
442 1490 534 1517 non
570 1486 617 1516 ut
651 1488 727 1530 par
761 1485 840 1528 est,
875 1471 1144 1514 obtineatur.

308 1549 371 1590 Ex
405 1547 487 1589 1106
521 1547 641 1587 enim
685 1545 904 1601 principio
938 1544 998 1584 sic
1048 1544 1294 1599 arguimus.
1350 1570 1401 1575 -
1437 1546 1632 1588 Eatenus

220 1619 284 1661 lex
329 1617 541 1660 naturalis
587 1630 723 1657 unam
768 1631 818 1655 ex
852 1612 1083 1670 praedictis
1124 1612 1279 1655 formis
1324 1613 1632 1657 antecedenter

221 1690 517 1747 praeexigeret
551 1702 597 1729 ac
632 1684 952 1743 praestabiliret
988 1696 1033 1726 ut
1068 1686 1377 1741 necessariam,
1412 1698 1632 1742 quatenus

220 1760 469 1803 solumunodo
493 1758 633 1801 forma
658 1757 728 1799 illa
764 1768 876 1798 63361
911 1772 962 1798 ex
995 1772 1039 1797 se
1073 1768 1171 1812 apta
1206 1757 1489 1798 convenienti
1529 1771 1633 1799 con-

220 1832 439 1874 secutioni
473 1829 572 1872 finis
606 1830 651 1870 in
686 1829 859 1870 civitate
893 1828 1067 1882 intenti,
1102 1827 1208 1868 aliae
1241 1842 1344 1869 vero
1367 1826 1535 1869 formae
1569 1843 1633 1869 es-

221 1916 317 1946 sent
351 1918 402 1945 ex
435 1918 480 1944 se
513 1903 704 1958 impares
740 1912 780 1942 et
815 1901 1001 1956 ineptae.
1050 1900 1189 1956 Atqui
1222 1900 1342 1942 nulla
1376 1912 1440 1941 est
1474 1899 1633 1957 forma,

222 1975 272 2018 de
307 1990 393 2032 qua
426 1973 468 2016 id
502 1973 586 2016 dici
620 1987 723 2014 cum
757 1973 939 2014 veritate
973 1972 1125 2027 possit.
1160 1971 1278 2026 Ergo
1314 1972 1380 2013 lex
1419 1973 1632 2015 naturalis

223 2048 407 2102 nullam,
433 2054 508 2103 per
542 2059 582 2087 se
616 2042 857 2101 loquendo,
892 2060 943 2084 ex
990 2042 1216 2084 recensitis
1266 2041 1422 2084 formis
1462 2056 1632 2086 antece-

221 2118 371 2161 denter
405 2115 777 2174 praedeterminat
811 2129 858 2156 ac
891 2114 1146 2170 praeexigit,
1180 2125 1410 2170 tamquam
1435 2129 1633 2157 necessa-

221 2191 345 2233 riam.
380 2215 432 2220 —
468 2189 592 2230 Patet
625 2190 756 2230 maior
792 2201 842 2228 ex
875 2184 1197 2227 fundamentali
1231 2185 1321 2241 1110,
1356 2185 1477 2243 quod
1509 2201 1632 2244 prae-

219 2263 441 2319 misimus,
475 2260 708 2319 principio.
743 2287 795 2292 ——
831 2260 974 2303 Minor
1008 2270 1159 2301 autem
1193 2255 1527 2303 demonstratur
1552 2258 1632 2303 du·

295 2498 351 2545 (1)
377 2495 469 2533 Vide
497 2507 613 2546 superi
640 2496 731 2534 thes.
757 2496 883 2535 XLIV.
915 2510 996 2545 pag.
1024 2510 1079 2547 79.
1108 2509 1207 2545 seqq.

1691 253 1699 277 s
