1705 2787
701 63 961 118 ⁴.-26*l-.-...

116 166 182 210 vel
215 166 513 211 homicidium
551 169 619 212 vel
655 185 827 227 usura3‚
863 182 905 212 et
935 171 981 212 in
1009 171 1271 214 universum
1295 171 1441 213 omnis
1467 170 1537 214 illa

117 254 227 296 quae
261 240 474 296 praecipit
507 239 577 282 vel
609 239 817 297 prohibet
857 240 1041 298 aliquid,
1076 240 1197 299 quod
1231 257 1308 299 per
1342 258 1539 285 necessa-

117 311 228 353 riam
262 310 512 353 illationem
545 309 779 355 deducitur
815 328 867 355 ex
902 313 1131 370 principiis
1181 313 1288 370 legis
1323 314 1537 356 naturalis

117 393 346 439 tamquam
380 383 681 424 necessarium
715 382 767 425 ad
801 398 983 426 morum
1018 383 1313 427 honestatem.
1350 385 1447 427 Alia
1470 385 1538 428 lex

118 453 313 497 humana
347 465 426 510 est,
447 469 560 511 quae
585 453 706 497 addit
730 454 1052 512 obligationem
1077 456 1325 513 specialem,
1350 472 1461 513 quae
1486 473 1536 499 ex

117 526 221 568 solis
255 525 483 582 principiis
519 526 796 569 naturalibus
832 526 989 569 deduci
1024 542 1115 569 non
1150 539 1310 584 potest,
1344 543 1422 570 nec
1449 529 1536 571 evi-

115 595 284 652 denter,
319 611 398 638 nec
432 595 733 653 probabiliter,
770 610 817 640 ut
848 610 912 640 est
947 599 1014 641 lex
1047 597 1288 655 prohibens
1324 614 1378 641 ne
1413 614 1534 642 arma

116 680 245 711 nocte
279 667 547 724 deferantur,
582 669 647 711 vel
684 685 737 711 ne
774 685 840 711 res
873 670 979 712 tales
1014 686 1034 712 e
1059 686 1197 727 regno
1232 671 1534 727 extrahantur,

115 752 157 782 et
190 739 366 782 similia.
394 757 414 779 >>
452 740 543 781 Hae
579 752 727 782 autem
764 742 1032 797 posteriores
1060 742 1176 799 leges
1202 755 1306 785 sunt
1325 743 1536 800 propriis-

116 813 226 855 sime
259 812 378 869 leges
415 811 650 856 humanae.

205 885 322 926 Hinc
356 885 517 928 clarius
552 885 818 941 intelligitur
854 885 910 942 id,
946 886 1067 944 quod
1102 888 1186 930 alio
1212 888 1311 930 loco
1338 889 1426 930 iam
1451 900 1536 931 tra—

115 953 308 998 didimus
344 955 431 1013 (1)‚
466 955 682 1012 videlicet,
731 958 798 999 ius
834 974 909 999 seu
961 959 1102 1014 legem
1152 960 1325 1002 civilem
1359 959 1533 1003 duobus

115 1025 260 1069 modis
294 1028 435 1070 solere
471 1028 691 1084 usurpari.
738 1029 892 1083 Primo,
943 1030 1155 1085 accipitur
1190 1032 1320 1073 sirici&
1364 1047 1444 1089 pro
1480 1047 1532 1074 eo

114 1098 210 1140 iure
245 1114 321 1141 seu
357 1099 467 1156 1686,
502 1114 613 1156 quae
648 1112 711 1142 est
747 1101 923 1156 propria
959 1102 1315 1159 uniuscuiusque
1342 1103 1530 1146 civitatis

78 1171 80 1173 ’
114 1182 189 1212 aut
222 1181 378 1213 status.
417 1171 612 1227 Secundo,
647 1172 858 1228 accipitur
893 1171 966 1214 Ιιῖΐιτ
1001 1188 1080 1229 pro
1116 1186 1211 1216 toto
1237 1175 1312 1216 illo
1336 1176 1431 1217 iure
1456 1191 1532 1218 seu

115 1242 223 1299 1686,
250 1258 335 1300 qua
359 1244 510 1286 civitas
534 1244 602 1286 vel
626 1256 765 1286 status
792 1246 972 1301 regitur.
998 1246 1198 1288 lamvero
1223 1248 1371 1303 primo
1396 1246 1532 1290 modo

114 1326 343 1372 acceptum
377 1316 446 1358 ius
481 1331 557 1358 seu
593 1316 660 1358 lex
693 1317 831 1359 civili-s
857 1316 1149 1373 distinguitur
1175 1333 1195 1359 a
1220 1319 1315 1360 iure
1340 1334 1416 1361 seu
1438 1319 1533 1375 lege

114 1385 306 1428 naturali
339 1384 425 1444 (2)
461 1386 615 1429 Altero
650 1400 799 1430 autem
832 1387 968 1431 modo
1003 1401 1237 1446 sumptum
1272 1390 1339 1431 ius
1364 1405 1438 1432 seu
1467 1389 1534 1432 lex

183 1621 229 1662 (ι)
257 1621 348 1654 Vide
376 1631 491 1666 super.
520 1621 590 1656 vol.
622 1622 661 1655 11.
690 1622 781 1656 thes.
812 1623 850 1655 ΙΙ.
880 1634 958 1667 pag.
990 1633 1041 1665 21.

190 1682 236 1720 (2)
266 1692 281 1709 ε(
308 1681 492 1715 Privatum
520 1682 572 1714 ius
600 1682 814 1725 tripartitum
844 1690 919 1721 est;
948 1682 1138 1715 collectum
1168 1683 1300 1716 etenim
1323 1692 1377 1717 est
1405 1694 1445 1716 ex
1475 1694 1534 1717 na-

112 1742 283 1777 turalibus
311 1741 520 1786 praeceptis‘,
540 1750 598 1774 aut
619 1741 792 1784 gentium,
810 1751 868 1775 aut
887 1742 1105 1775 civilibus.—
1118 1742 1173 1774 lus
1194 1742 1353 1776 naturale
1370 1752 1422 1776 est
1439 1742 1534 1787 quod

112 1810 237 1836 natura
265 1800 386 1834 omnia
414 1799 578 1833 animalia
609 1800 739 1833 docuit.
768 1801 861 1834 Nam
891 1802 942 1835 ius
971 1803 1061 1836 istud
1093 1815 1165 1835 non
1205 1802 1351 1837 humani
1393 1804 1533 1847 generis

111 1861 304 1906 proprium,
333 1860 395 1893 sed
423 1860 585 1892 omnium
614 1858 833 1901 animalium,
862 1872 952 1905 quae
981 1862 1015 1894 in
1043 1870 1145 1897 terra,
1174 1873 1264 1906 quae
1298 1862 1330 1894 in
1354 1862 1441 1895 mari
1469 1874 1533 1896 na—

113 1929 268 1962 scuntur,
288 1920 408 1953 avium
428 1930 570 1963 quoque
592 1930 784 1952 commune
807 1928 870 1953 est.
892 1920 981 1954 llinc
1002 1921 1187 1955 descendit
1203 1921 1310 1954 maris
1327 1930 1361 1955 et
1378 1920 1532 1955 feminae

114 1980 330 2022 coniunctio,
359 1990 466 2024 quam
494 1991 560 2012 nos
590 1979 861 2013 matrimonium
882 1979 1119 2025 appellamus:
1141 1980 1221 2013 hinc
1243 1979 1435 2014 liberorum
1453 1993 1533 2025 pro-

115 2041 266 2075 creatio:
294 2039 376 2073 hinc
418 2039 596 2073 educatio.
623 2059 665 2063 —
695 2040 751 2072 Ius
792 2040 952 2083 gentium
989 2047 1051 2080 est,
1091 2050 1161 2083 quo
1201 2048 1327 2083 gentes
1355 2039 1535 2073 humanae

114 2108 276 2135 utuntur:
297 2099 407 2133 veluti
427 2110 511 2143 erga
532 2099 649 2132 Deum
671 2098 808 2142 religio,
830 2108 866 2132 ut
894 2099 1097 2142 parentibus
1120 2110 1157 2131 ac
1179 2099 1313 2143 patriae
1333 2110 1534 2143 pareamus,

115 2168 151 2194 ut
179 2160 251 2193 vim
282 2168 386 2204 atque
414 2159 578 2191 iniuriam
601 2157 862 2202 propulsemus.
885 2159 933 2191 lix
961 2157 1028 2190 hoc
1050 2158 1124 2190 iure
1152 2158 1315 2202 gentium
1334 2158 1537 2192 introducta

114 2218 216 2261 bella,
245 2219 418 2252 discretae
438 2226 577 2263 genteS,
598 2229 706 2261 regna
728 2218 882 2258 condita,
904 2218 1061 2250 dominia
1084 2217 1259 2259 distincta,
1282 2219 1373 2260 agris
1396 2218 1537 2252 termini

115 2279 232 2325 positi,
261 2278 422 2312 aedificia
444 2277 630 2319 collocata,
651 2278 921 2319 commercium,
942 2278 1155 2322 emptiones,
1176 2277 1416 2319 venditiones,
1438 2277 1536 2312 loca-

115 2339 244 2380 tiones,
263 2338 535 2379 conductiones,
556 2336 795 2381 obligationes
816 2337 1008 2371 institutae.
1029 2356 1069 2361 -
1088 2337 1198 2377 Quod
1216 2337 1364 2382 quisque
1382 2336 1533 2382 populus

115 2399 191 2444 ipse
219 2398 283 2432 sibi
309 2398 362 2432 ius
390 2398 587 2437 constituit,
617 2398 649 2431 id
678 2398 788 2442 ipsius
817 2398 998 2443 proprium
1038 2397 1190 2431 civitatis
1220 2407 1283 2439 est,
1312 2407 1532 2443 vocaturque

113 2457 166 2492 ius
195 2456 308 2499 civile,
337 2457 435 2502 quasi
464 2457 516 2490 ius
544 2456 728 2502 proprium
755 2456 863 2502 ipsius
905 2456 1105 2490 civitatis.»
1136 2456 1247 2491 Pand.
1275 2455 1331 2490 lib.
1364 2467 1390 2491 1.
1419 2457 1471 2492 tit.
1503 2467 1531 2492 1.
