1705 2787
788 111 1048 141 —120-

206 216 355 248 autern
392 203 588 247 officium
641 203 958 245 convenienter
1010 201 1287 259 implendum
1338 214 1402 245 est
1451 218 1633 260 prorsus

207 276 507 320 necessarium
561 273 683 329 illud,
733 273 785 317 de
821 290 911 331 quo
945 274 1155 329 diximus,
1190 274 1271 317 ius.
1308 275 1425 331 Ergo
1460 274 1635 332 procul-

202 346 339 391 dubio
375 347 441 388 ius
478 345 559 388 hoc
596 344 762 388 eisdem
797 343 983 388 confert.

286 418 495 473 Oportet,
531 428 578 459 ut
612 414 822 472 praedicti
846 416 953 458 iuris
989 431 1064 458 seu
1078 416 1238 473 patriae
1255 417 1474 473 potcstatis,
1501 431 1626 460 com-

198 488 360 546 pletam
395 486 522 530 nobis
559 487 792 529 notionem
828 502 1155 544 comparemus.
1192 488 1340 539 Quem
1366 488 1409 529 in
1436 502 1626 544 scopum

198 557 269 600 illa
305 571 629 613 percurremus,
665 571 774 613 quae
812 556 919 598 iuris
953 555 1143 598 elementa
1177 554 1260 599 dici
1295 556 1440 599 solent
1464 555 1551 614 (1).

288 627 318 669 Ι.
354 627 514 681 Huius,
539 624 591 669 de
625 641 714 683 quo
748 626 939 682 agimus,
973 627 1080 669 iuris
1108 627 1363 683 principimn
1397 641 1473 669 seu
1509 627 1624 684 origo

202 710 266 741 est
300 697 380 740 lex:
417 696 483 740 lex
517 709 665 740 autem
701 696 918 740 naturalis.
955 698 1072 740 Haec
1107 698 1226 740 enim
1261 709 1341 753 est,
1376 712 1486 754 quae
1521 712 1622 755 pro-

202 769 293 826 prie
326 783 373 810 ac
407 766 570 811 directe
604 766 860 824 parentibus
886 768 953 811 ius
981 767 1064 810 hoc
1089 766 1273 811 confert.
1301 794 1353 799 —-
1380 769 1532 821 Quare
1557 783 1629 826 pa-

203 840 283 882 tria
319 839 361 881 in
397 837 512 881 filios
536 851 729 896 potestas
756 851 820 881 est
846 839 914 881 ius
939 855 1039 882 vere
1062 854 1109 882 ac
1134 839 1311 896 proprie
1337 838 1522 882 naturale
1540 838 1627 898 (2).

289 911 341 953 II.
387 909 543 953 Titulus
578 925 682 953 vero
716 926 792 953 seu
829 910 948 965 ratio,
983 921 1163 967 propter
1194 925 1327 967 quam
1353 921 1535 952 naturae
1562 909 1629 953 lex

202 979 458 1037 parentibus
477 980 561 1023 tale
579 981 647 1023 ius
667 979 852 1036 confert,
872 980 1109 1038 estfactum
1126 981 1399 1036 generationis
1421 995 1507 1022 una
1526 995 1629 1023 curn

203 1052 391 1096 naturali
416 1051 572 1095 exinde
596 1052 878 1110 dependente
897 1053 1021 1110 officio
1045 1053 1293 1095 educationis
1329 1052 1627 1110 impertiendae.

206 1151 258 1155 —
280 1125 397 1166 Haec
432 1124 597 1167 scilicet
622 1136 686 1166 est
710 1125 818 1167 iuris
844 1123 974 1166 huius
1001 1123 1121 1167 radix
1144 1140 1219 1166 seu
1249 1123 1374 1166 basis,
1400 1125 1492 1177 Qui
1510 1123 1629 1167 dedit

207 1212 300 1238 esse
334 1196 478 1251 alicui,
513 1197 547 1238 is
583 1195 711 1238 debet
746 1211 839 1238 esse
873 1196 955 1252 ipsi
990 1194 1142 1238 datum
1177 1195 1400 1252 perficere.
1435 1195 1518 1238 Sed
1556 1211 1628 1252 pa-

208 1279 354 1310 rentes
390 1265 607 1309 dederunt
640 1282 734 1308 esse
790 1266 905 1309 filiis.
942 1267 1059 1323 Ergo
1094 1265 1254 1309 debent
1306 1265 1384 1323 (en
1429 1266 1627 1309 naturale

209 1337 408 1381 debitum
444 1353 519 1380 seu
556 1336 777 1395 officium)
812 1352 905 1379 esse
939 1338 1044 1394 ipsis
1079 1336 1231 1380 datum
1257 1336 1482 1394 perficere,
1506 1336 1627 1395 quod

206 1408 256 1452 fit
295 1408 538 1452 educando.
594 1410 730 1466 Atqui
779 1408 830 1452 ad
880 1408 1201 1466 perficiendum
1235 1425 1311 1451 seu
1346 1407 1626 1452 educandum

206 1478 409 1536 indigent
443 1478 666 1536 praedicto
701 1480 745 1522 in
780 1479 894 1522 filios
930 1480 1037 1523 iure.
1074 1480 1191 1536 Ergo
1227 1495 1375 1537 reapse
1415 1480 1482 1522 ius
1515 1478 1627 1522 illud

207 1551 252 1594 in
287 1549 402 1593 filios
438 1549 614 1593 habent.

296 1623 412 1665 Hinc
445 1634 595 1665 autem
629 1621 816 1671 solvitur
851 1622 1065 1679 quaestio:
1100 1621 1145 1663 in
1180 1637 1269 1678 quo
1303 1619 1528 1677 fundetur,
1549 1635 1625 1663 seu

207 1709 258 1736 ex
293 1708 381 1751 quo
416 1694 472 1736 sit
507 1692 799 1750 repetendum
834 1692 916 1735 hoc
951 1693 1018 1736 ius
1054 1691 1174 1750 quod
1208 1704 1410 1749 parentes
1460 1691 1623 1734 habent

208 1766 253 1808 in
288 1764 415 1808 filios.
452 1791 505 1796 —-
541 1766 700 1808 Errant
735 1766 778 1818 ii,
815 1766 890 1822 qui
925 1765 1111 1822 patriam
1145 1776 1410 1820 potestatem
1439 1765 1484 1806 in
1508 1762 1625 1806 filios

208 1850 415 1895 repetunt
438 1853 488 1881 ex
509 1838 596 1880 inre
613 1838 806 1880 victoriae
825 1845 856 1879 et
871 1838 1012 1894 prima
1035 1837 1288 1893 occupatione
1302 1834 1388 1894 (3).
1409 1835 1627 1877 Homines

280 2024 327 2064 (Ι)
356 2020 410 2055 Cs.
440 2033 561 2066 super.
587 2021 659 2056 vol.
686 2022 727 2055 ΙΙ.
756 2033 836 2066 pag.
866 2031 920 2065 31.

282 2082 327 2122 (2)
355 2080 447 2114 Vide
476 2079 498 2114 1.
525 2091 619 2113 nunc
648 2080 705 2114 cit.
732 2091 813 2125 pag.
844 2089 895 2124 32.

278 2139 324 2182 (3)
354 2138 406 2173 Ita
433 2139 590 2181 Hobbes,
619 2138 662 2172 de
683 2138 771 2172 Cive
799 2149 828 2172 c.
856 2149 906 2183 9.:
931 2148 946 2167 τ(
966 2136 1044 2170 Iure
1064 2145 1211 2170 naturae
1230 2136 1344 2169 victor
1362 2135 1444 2169 victi
1463 2135 1629 2169 dominus

208 2205 272 2231 est.
313 2198 390 2231 Iure
419 2198 525 2243 igitur
551 2206 701 2231 naturae
731 2196 932 2230 dominium
960 2194 1104 2229 infantis
1133 2195 1278 2229 adeum
1298 2195 1452 2239 primum
1467 2194 1630 2239 pertinet,

208 2256 265 2300 qui
299 2256 432 2300 primus
459 2256 494 2289 in
526 2265 703 2301 potestate
735 2266 798 2289 sua
838 2255 954 2300 ipsum
987 2254 1105 2288 habet.
1144 2252 1375 2287 Manifestum
1417 2262 1538 2287 autem
1566 2261 1630 2295 est,

209 2325 302 2356 eum,
331 2315 388 2359 qui
417 2315 527 2349 modo
554 2315 720 2357 nascitur,
751 2316 845 2359 prius
874 2326 952 2348 esse
972 2313 1007 2347 in
1027 2321 1202 2358 potestate
1231 2312 1364 2354 matris,
1385 2323 1492 2356 quam
1512 2312 1631 2346 cuius-

212 2384 319 2419 quam
358 2373 501 2407 alterius
542 2375 589 2408 ita
618 2383 653 2408 ut
681 2373 780 2407 illum
807 2372 863 2407 vel
898 2372 1049 2406 educare
1077 2371 1133 2405 vel
1174 2382 1353 2416 exponere
1381 2382 1446 2404 suo
1486 2370 1629 2405 arbitrio

209 2441 243 2467 et
271 2433 345 2467 iure
374 2433 530 2478 possit.»
561 2452 603 2458 -
632 2433 670 2466 In
699 2432 767 2467 alio
796 2443 915 2478 opere,
945 2431 1133 2466 Leviathan
1153 2442 1228 2476 cap.
1250 2441 1315 2473 20.,
1336 2430 1477 2464 disserit
1509 2429 1627 2472 etiam,

210 2491 296 2526 falsa
324 2491 506 2539 proferens
534 2502 567 2527 et
596 2493 754 2528 absurda.
785 2492 826 2526 de
856 2491 1016 2526 dominio
1039 2499 1199 2537 paterno.
