1705 2787
747 75 1004 118 -114.-

254 171 346 214 Hac
383 170 426 212 in
462 168 754 226 paragrapho,
789 166 989 225 pluribus
1023 167 1242 212 distinctis
1261 167 1459 212 thesibus
1483 185 1582 227 age-

163 259 263 286 mus
303 269 354 274 —
391 240 442 284 de
478 239 754 283 naturalibus
789 239 944 282 officiis
979 239 1238 298 iuribusque
1257 253 1493 299 parentum
1527 267 1580 274 —

161 315 213 359 de
249 312 524 358 naturalibus
560 311 714 355 officiis
749 311 1009 370 iuribusque
1034 311 1245 356 filiorum.

254 389 346 442 136.
385 387 760 428 DEMONSTRATIO.
797 384 913 426 Cum
948 383 1084 426 thesis
1120 383 1224 427 haec
1259 384 1459 443 pluribus
1478 400 1582 428 con-

159 470 243 500 stet
280 455 494 514 partibus,
531 470 894 512 unamquamque
929 471 980 498 ex
1014 455 1065 498 iis
1089 456 1277 498 seorsim
1302 455 1581 499 demonstra-

164 528 323 571 bimus.
1282 585 1286 590 .

250 600 280 642 I.
316 599 381 641 Ex
417 607 587 640 namrac
620 596 699 653 lege
726 598 943 654 proprium
976 612 1021 640 ac
1053 599 1581 656 gravissimumparentum

163 671 333 728 ‹isjirium
352 678 420 721 est,
446 684 669 724 congruam
689 676 891 725 susceptae
909 684 959 710 ex
979 669 1165 725 coningio
1177 668 1288 726 proli
1305 669 1579 712 educationem

156 742 393 801 praebendi.
420 742 540 783 ——Et
563 756 681 795 sane,
706 739 883 798 quando
902 742 1087 783 societas
1111 741 1255 798 aliqua
1274 753 1337 784 est
1361 740 1578 797 naturalis,

162 815 356 870 illorum,
376 815 451 871 qui
476 828 571 855 eam
606 813 777 864 ineunt,
813 813 1043 869 proprium
1070 812 1265 855 officium
1290 824 1369 868 est,
1404 813 1579 870 conspi-

161 902 254 929 rare
280 885 531 928 coniunctis
557 899 642 926 una
667 883 834 926 viribus
869 885 912 926 in
933 885 1257 926 assecutionem
1294 883 1409 940 finis,
1443 899 1577 941 quem

159 970 314 999 natura
339 973 388 999 ex
413 954 708 998 societateilla
728 954 930 997 intendit.
966 956 1101 1012 Atqui
1121 956 1306 998 societas
1332 954 1577 1012 coniugalis

158 1042 222 1071 est
244 1029 470 1084 naturaliS,
490 1028 631 1069 immo
651 1038 715 1069 est
735 1027 925 1069 maxime
949 1026 1160 1069 naturalis
1180 1026 1266 1085 (1):
1288 1026 1387 1070 finis
1412 1039 1576 1082 autem,

157 1117 289 1158 quem
325 1112 481 1143 natura
515 1098 814 1156 principaliter
849 1099 891 1140 in
928 1099 1139 1155 coniugio
1164 1098 1369 1154 intendit,
1404 1112 1468 1141 est
1502 1115 1574 1142 su-

156 1185 329 1230 sceptae
364 1171 498 1229 prolis
534 1171 751 1214 educatio.
788 1171 980 1226 Etenim,
1015 1182 1062 1213 ut
1096 1171 1183 1213 iam
1218 1186 1269 1213 ex
1317 1186 1349 1213 s.
1396 1170 1575 1213 Thoma

154 1244 345 1287 diximus
380 1243 468 1300 (2),
505 1260 524 1282 «
562 1243 605 1284 in
644 1240 761 1284 bono
782 1241 932 1298 proliS,
952 1241 1071 1299 quod
1096 1254 1161 1284 est
1194 1242 1447 1299 principalis
1482 1257 1574 1284 ma-

155 1315 354 1357 trimonii
399 1312 514 1365 finis,
564 1312 825 1368 intelligitur
860 1328 950 1354 non
1006 1312 1152 1355 solum
1201 1314 1449 1370 procreatio
1498 1312 1573 1356 sed

154 1387 285 1428 etiam
321 1384 523 1427 educatio
550 1418 560 1426 .
593 1416 603 1425 .
638 1418 646 1426 .
683 1417 690 1426 .
727 1400 734 1425 z
773 1399 863 1425 non
898 1382 1088 1426 intendit
1123 1396 1279 1426 natura
1313 1383 1460 1426 solum
1495 1399 1568 1440 ge-

160 1458 454 1511 nerationem,
489 1454 563 1497 sed
599 1454 926 1497 traductionem
977 1466 1017 1496 et
1062 1456 1396 1512 promotionem
1432 1470 1572 1512 usque

156 1528 207 1571 ad
242 1526 486 1585 perfectum
522 1538 686 1568 statum
724 1525 918 1568 hominis
942 1527 1210 1582 inquantum
1236 1525 1373 1568 homo
1398 1538 1477 1581 est,
1496 1527 1572 1584 qui

155 1610 220 1640 est
255 1598 432 1640 virtutis
466 1609 621 1640 status.
660 1614 678 1636 »
717 1596 834 1652 Ergo
860 1595 1056 1638 officium
1081 1597 1329 1653 proprium,
1364 1597 1570 1655 idemque

153 1670 483 1726 gravissimum,
532 1680 767 1725 parentum
824 1679 903 1721 est,
938 1666 1207 1710 contendere
1241 1668 1491 1710 coniunctis
1525 1669 1571 1711 in

150 1757 290 1783 unum
325 1738 492 1783 viribus
528 1740 571 1781 in
608 1754 853 1795 congruam
889 1751 1117 1795 susceptae
1152 1754 1203 1781 ex
1221 1739 1432 1795 coniugio
1456 1739 1570 1796 proli

148 1811 458 1854 educationem
494 1809 804 1867 praebendam.
826 1810 1124 1866 —Integrum
1169 1809 1349 1867 quidem
1383 1823 1447 1853 est
1480 1811 1569 1853 sin-

147 1884 261 1940 gulis
298 1882 556 1926 hominibus
592 1883 703 1924 inire
738 1882 805 1924 vel
840 1897 930 1924 non
964 1882 1076 1924 inire
1110 1882 1385 1937 coniugium.
1411 1883 1468 1924 At
1493 1883 1568 1939 qui

144 1954 300 1996 ineunt
320 1965 361 1995 et
382 1953 555 2010 prolem
582 1969 633 1994 ex
668 1953 783 1994 inito
798 1952 1089 1994 matrimonio
1110 1952 1372 2008 suscipiunt,
1407 1950 1568 1994 debent

144 2037 240 2064 eam
275 2022 504 2066 traducere
529 2035 570 2065 et
595 2037 859 2079 promovere
895 2038 1033 2079 usque
1057 2020 1108 2064 ad
1132 2020 1376 2078 perfectum
1401 2033 1566 2065 statum

210 2231 257 2271 (i)
287 2228 340 2262 Cf.
372 2240 487 2274 super.
521 2241 604 2274 pag.
634 2239 688 2274 72.
716 2230 834 2264 locum
863 2229 1078 2271 Aristotelis,
1106 2229 1251 2264 allatum
1278 2229 1312 2263 in
1333 2228 1452 2264 adnot.
1476 2240 1502 2263 1.
1523 2223 1574 2255 —*

152 2288 233 2333 Ipse
250 2288 448 2330 Romseau,
466 2289 524 2333 qui
540 2298 651 2334 negat
670 2289 884 2323 societatem
903 2288 1044 2322 civilem
1061 2300 1139 2322 esse
1158 2287 1368 2330 naturalem,
1389 2289 1565 2332 concedit,

148 2356 186 2382 ut
211 2347 366 2382 vidimus
393 2348 429 2381 in
456 2347 548 2382 thesi
576 2348 685 2382 XLII.
715 2359 794 2394 pag.
821 2358 888 2394 49„
909 2347 1082 2382 familiam
1102 2359 1181 2382 esse
1198 2347 1408 2391 naturalem,
1426 2348 1459 2381 la
1472 2348 1561 2383 seule

142 2406 321 2444 maurella.

213 2468 258 2507 {21
287 2465 378 2504 'Vide
407 2477 520 2514 super.
549 2477 628 2510 pag.
657 2476 710 2510 71.
740 2475 773 2500 et
801 2467 854 2503 82.
