1705 2787
128 162 174 207 in
207 162 336 207 variis
370 163 561 222 politicis
596 165 1005 209 consociationibus
1039 164 1127 224 (1).
1162 165 1253 207 Lex
1286 179 1393 221 ergo
1428 162 1546 222 posi—

126 236 214 278 tiva
246 251 340 279 non
375 247 492 279 creat
524 236 593 280 vel
626 236 757 280 efficit
790 238 858 280 ius
908 237 1007 294 hoc,
1041 235 1117 279 sed
1155 233 1265 279 illud
1299 251 1323 278 a
1356 235 1546 279 naturali

126 306 222 364 lege
258 307 428 364 accipit,
453 305 656 364 declarat,
691 307 943 364 confirmat,
977 307 1258 351 determinat.

212 379 457 435 Arguimus
493 378 571 437 2.⁰)
619 394 671 422 ex
703 379 789 436 illa,
823 379 875 423 de
909 395 993 438 qua
1026 379 1158 437 paulo
1193 390 1293 422 ante
1337 377 1545 435 diximus,

123 449 312 492 naturali
346 449 681 507 arctissimaque
710 451 1044 506 coniunctione,
1079 465 1191 508 quae
1225 461 1364 492 exstat
1388 464 1544 507 paren-

124 532 187 562 tes
222 521 337 562 inter
381 535 428 562 ac
478 518 607 562 filios.
654 519 822 564 Exinde
866 522 991 579 argui
1034 519 1333 564 diversimode
1380 533 1543 579 potest,

123 592 356 649 praecipue
390 606 495 634 vero
529 592 574 634 in
608 590 727 634 hunc
751 592 952 635 modum.
977 591 1205 635 Debemus
1229 607 1333 634 sane
1360 591 1543 650 diligere

123 661 230 705 alios
266 662 471 705 homines
505 663 620 705 sicut
653 664 954 721 nosmetipsos
980 662 1076 723 (2):
1102 680 1243 722 eoque
1269 664 1425 721 magis,
1450 679 1541 722 quo

122 734 300 776 arctiori
332 733 512 777 vinculo
547 734 576 776 ii
610 745 715 776 sunt
748 733 983 777 nobiscum
1007 736 1250 778 coniuncti.
1276 736 1413 793 Atqui
1437 750 1543 778 con-

122 805 293 847 iunctio
328 805 442 847 inter
476 816 678 861 parentes
713 820 758 847 ac
795 804 908 847 filios
944 817 1007 847 est
1041 807 1301 848 arctissima.
1327 807 1445 863 Ergo
1470 821 1542 863 pa-

122 887 267 918 rentes
302 874 462 919 debent
496 890 647 918 amore
682 877 878 918 maximo
914 875 1027 918 filios
1062 878 1294 934 prosequi:
1331 878 1389 919 ita
1424 889 1472 920 ut
1506 878 1543 920 si

120 947 265 1006 quoad
300 960 469 990 ceteros
504 947 709 990 homines
745 946 796 989 ad
831 947 1030 989 naturale
1065 960 1246 991 mutuae
1291 947 1542 991 dilectionis

120 1032 404 1077 praeceptum
429 1019 708 1077 implendum
733 1021 788 1062 sit
814 1019 1036 1063 sufficiens
1062 1020 1283 1063 similitudo
1304 1020 1544 1077 dilectionis,

121 1090 225 1133 haec
259 1107 350 1134 non
385 1089 585 1134 videatur
619 1089 843 1133 sufficiens
879 1091 1024 1148 quoad
1060 1091 1205 1134 filios:
1255 1103 1377 1148 pater
1413 1091 1545 1135 debet

120 1161 235 1205 filios
270 1162 468 1219 diligere,
503 1178 595 1205 non
629 1164 716 1205 iam
751 1178 932 1220 prorsus
963 1163 1130 1219 eadem,
1165 1162 1239 1205 sed
1274 1163 1406 1220 paulo
1431 1162 1539 1206 infe-

119 1234 225 1276 riori
259 1234 515 1276 intensitate
550 1232 845 1291 affectus,serc
868 1242 1061 1290 quantum
1087 1235 1277 1291 seipsum.
1304 1233 1387 1277 Sed
1412 1249 1540 1278 amor

119 1305 332 1361 importat
366 1305 826 1347 communicationem
862 1304 1101 1361 bonorum,
1151 1320 1261 1362 quae
1296 1306 1540 1348 transmitti

116 1388 320 1433 possunt,
340 1377 607 1419 nominatim
627 1391 731 1419 vero
753 1375 976 1419 bonorum
996 1375 1214 1419 fortunae.
1235 1377 1386 1429 Quare
1410 1374 1538 1419 debet

117 1459 253 1505 pater,
288 1447 394 1490 dum
429 1449 552 1504 vivit,
586 1447 702 1490 filios
737 1446 970 1490 admittere
994 1448 1045 1490 ad
1074 1463 1256 1490 suarum
1282 1447 1537 1491 divitiarum

116 1520 516 1576 participationem,
551 1521 595 1562 in
631 1531 775 1562 morte
820 1532 969 1562 autem
1007 1518 1136 1561 debet
1170 1534 1274 1562 suos
1330 1518 1536 1562 haeredes

116 1591 388 1633 constituere
408 1590 494 1650 (3).

204 1662 321 1704 Haec
346 1663 497 1704 onmia
520 1663 557 1705 si
581 1678 669 1705 non
697 1674 800 1705 sunt
825 1674 1142 1719 argumentum
1167 1661 1317 1705 efficax
1337 1661 1388 1705 ad
1412 1661 1533 1704 colli-

113 1733 303 1791 gendam
323 1735 600 1777 existentiam
628 1735 986 1791 praescriptionis
1007 1733 1233 1789 naturalis,
1258 1734 1533 1791 imponentis

113 1804 369 1863 parentibus
395 1805 594 1849 officium
618 1804 951 1848 transmittendi
976 1804 1089 1847 bona
1125 1821 1202 1847 sua
1227 1804 1343 1861 filiis,
1368 1805 1434 1847 his
1460 1820 1534 1847 au-

183 1991 238 2037 (1)
265 1992 356 2026 Vide
385 1991 505 2027 locum
533 1992 737 2027 Aristotelis
766 1991 910 2026 allatum
940 2002 1055 2036 super.
1082 1990 1152 2025 vol.
1181 1992 1204 2026 I.
1233 2003 1313 2037 pag.
1343 2002 1432 2039 292.:
1461 2002 1534 2037 quo

111 2053 146 2087 in
172 2053 252 2088 loco
281 2053 522 2098 Philosophus
553 2054 739 2097 distinguit
766 2054 817 2086 ius
839 2052 940 2086 civile
961 2053 994 2085 in
1015 2053 1172 2086 flammi&
1192 2062 1226 2087 et
1256 2053 1457 2098 legitimum.
1480 2052 1533 2087 Cf.

111 2126 152 2147 ea
178 2125 268 2159 quae
297 2114 453 2147 diximus
477 2125 592 2158 super.
620 2113 690 2147 vol.
721 2114 761 2147 II.
790 2125 871 2157 pag.
900 2123 951 2146 22.

179 2172 234 2217 (2)
263 2172 318 2207 Cs.
346 2184 460 2218 super.
490 2172 562 2206 vol.
590 2173 633 2207 ΙΙ.
661 2173 751 2206 thes.
781 2173 947 2205 XXXIX&

180 2232 236 2277 (3)
263 2232 353 2265 Hinc
383 2240 500 2265 autem
532 2232 752 2269 assertionis,
783 2242 886 2274 quan]
917 2230 981 2263 hac
1011 2230 1044 2263 in
1073 2229 1163 2263 thesi
1185 2229 1421 2271 defendimus,
1439 2227 1534 2263 veri-

110 2299 162 2326 tas
190 2292 390 2326 evidentius
418 2300 575 2336 apparet.
604 2291 691 2331 Filii,
720 2291 862 2323 vivente
890 2298 1000 2334 patre,
1028 2289 1161 2324 habent
1182 2291 1232 2323 ins
1251 2290 1293 2323 ad
1315 2301 1393 2323 rom.
1409 2290 1531 2330 Quare

111 2351 139 2384 si
166 2359 265 2395 pater
292 2351 331 2384 ab
361 2352 516 2384 intestato
546 2351 728 2391 moriatur,
751 2348 810 2382 tilii
830 2350 863 2381 in
885 2349 1083 2381 dominium
1104 2359 1333 2393 paternorum
1353 2349 1530 2382 bonorum

103 2410 340 2444 <succedendo
368 2421 441 2443 non
468 2419 541 2444 tam
570 2409 753 2454 acquirunt
781 2419 915 2441 novum
943 2407 1006 2450 ius,
1027 2408 1217 2452 quamius,
1238 2407 1333 2453 quod
1353 2407 1530 2441 habebant

113 2468 155 2502 ml
183 2481 261 2512 rem,
289 2468 485 2514 complent:
515 2481 532 2502 a
560 2469 632 2502 iure
661 2467 703 2501 ad
732 2478 797 2499 rem
827 2466 864 2501 fit
891 2466 943 2499 ius
972 2467 1005 2499 in
1034 2478 1079 2501 rc.
