1705 2787
642 95 902 138 *407*

52 186 192 230 thetica
225 201 301 230 seu
337 187 598 231 secundaria.
633 189 749 232 Nam
783 202 1151 248 praesupponunt
1185 191 1280 233 iura
1322 205 1480 248 conge*

54 259 161 314 nita,
195 259 338 316 iisque
372 258 754 316 superadduntur.

142 343 308 385 Prioris
333 344 509 399 generis
534 344 629 386 iura
651 357 756 388 sunt
777 346 821 388 in
841 345 1033 402 singulis
1054 346 1242 390 statibus
1263 347 1476 405 aequalia:

53 425 394 470 consequuntur
429 414 550 457 enim
586 415 841 458 immediate
876 432 923 458 ac
949 419 1199 459 necessario
1223 419 1363 474 ipsam
1389 431 1474 461 sti-

54 495 126 526 tus
161 495 367 526 naturam
402 499 479 527 seu
516 487 772 541 essentiam,
808 477 919 544 quae
954 488 997 529 in
1024 500 1155 543 gente
1180 490 1350 545 quaviS,
1390 490 1479 532 sive

54 569 101 597 ea
125 555 180 597 sit
204 569 364 612 magna
399 556 489 597 sive
525 545 670 613 parva,
706 570 769 600 est
794 557 993 614 profecto
1018 559 1186 615 eadem,
1212 572 1276 603 est
1301 576 1475 618 semper

52 626 261 684 aequalis
310 628 416 671 Non
467 629 575 671 item
624 630 806 691 alterius
851 632 1025 686 generis
1069 632 1180 674 iura:
1221 648 1269 674 ea
1313 648 1474 690 nempe

51 710 241 756 possunt
276 714 370 741 esse
405 701 449 743 in
484 699 667 743 diversis
703 700 892 744 statibus
912 701 1098 745 diversa:
1135 716 1478 761 consequuntur

52 771 172 812 enim
207 769 335 827 facta,
370 787 482 829 quae
519 785 709 828 possunt
744 788 838 814 esse
874 788 954 830 pro
990 773 1243 817 diversitate
1278 787 1477 819 statuum

53 841 172 884 varia
208 854 250 884 et
285 843 607 899 contingentia.

172 915 223 958 II.
259 915 324 957 De
360 914 479 958 hisce
514 915 687 958 iuribus
723 917 973 972 congenitis
1018 928 1093 959 aut
1128 919 1372 975 acquisitis,
1409 920 1476 962 in-

51 987 288 1044 quiramus
325 998 518 1044 oportet,
553 1002 776 1044 quaenam
812 988 856 1030 in
891 987 1144 1044 particulari
1179 1004 1226 1031 ea
1251 990 1354 1033 sint.

139 1058 187 1116 α)
211 1057 353 1111 Quod
377 1072 545 1117 spectat
569 1059 622 1103 ad
642 1061 738 1102 iura
758 1061 1010 1116 congenita,
1031 1072 1189 1103 natura
1209 1061 1302 1104 vult
1323 1062 1475 1118 plures

52 1144 145 1171 esse
185 1142 326 1173 status
360 1132 429 1173 sui
464 1132 574 1174 iuris
598 1147 674 1174 seu
702 1130 1067 1188 independentes‚
1093 1134 1118 1176 i.
1144 1147 1178 1177 e.
1204 1132 1353 1189 plures
1380 1149 1475 1175 esse

49 1200 278 1244 distinctas
313 1204 547 1245 societates
583 1203 747 1252 civiles,
782 1218 895 1260 quae
924 1205 1111 1245 seorsim
1146 1203 1199 1246 ad
1234 1204 1475 1262 perfectam

50 1273 218 1329 proprii
254 1271 372 1328 finis,
397 1288 556 1331 nempe
591 1273 923 1331 tranquillitatis
948 1289 995 1316 ac
1021 1276 1342 1332 pi⁴osperitati3‚
1370 1291 1474 1318 con-

50 1345 330 1387 secutionem
356 1343 492 1388 libere
515 1344 714 1389 tendant.
749 1345 859 1387 Vult
893 1360 963 1387 eas
999 1361 1116 1388 esse:
1153 1361 1259 1402 crgo
1294 1349 1356 1389 eis
1401 1346 1474 1389 dat

49 1416 118 1457 ius
157 1417 223 1458 sui
255 1417 545 1459 conservandi.
581 1416 691 1459 Vult
726 1431 797 1458 eas
832 1415 1011 1459 tendere
1037 1416 1086 1459 ad
1109 1417 1347 1474 perfectam
1374 1434 1474 1475 pro-

49 1488 132 1544 prii
182 1486 282 1530 finis
333 1490 730 1532 consecutionem:
768 1504 875 1544 ergo
900 1487 1066 1531 eisdem
1102 1488 1172 1531 dat
1195 1491 1263 1532 ius
1299 1492 1473 1549 suiper-

37 1559 220 1618 ficiendi.
256 1561 365 1603 Vult
403 1576 473 1603 eas
509 1560 560 1603 ad
611 1561 743 1603 talem
788 1562 1154 1603 consecutionem
1201 1560 1336 1604 libere
1379 1575 1473 1605 ten-

48 1629 171 1673 dere:
207 1647 319 1689 ergo
353 1634 415 1674 eis
450 1632 521 1675 dat
554 1633 622 1674 ius
659 1632 778 1674 libere
812 1632 973 1689 agendi.

137 1702 291 1760 Itaque
327 1716 467 1746 status
504 1705 666 1761 quivis,
701 1719 838 1761 acque
874 1719 918 1744 ac
956 1703 1093 1745 homo
1139 1703 1325 1760 quilibet
1361 1705 1472 1748 indi-

48 1773 220 1817 viduus.
257 1774 385 1817 habet
427 1775 494 1818 ius
529 1777 594 1817 sui
628 1776 916 1818 somer‘t'andi.
968 1775 1062 1817 Hoc
1098 1789 1246 1818 autem
1283 1777 1351 1819 ius
1390 1779 1471 1820 tria

0 1898 4 1901 ¹
45 1848 278 1906 praecipue
313 1848 641 1905 complectitur.
677 1848 921 1892 Nimirum,
958 1848 1000 1888 in
1028 1847 1210 1889 homine
1237 1847 1471 1891 individuo

48 1917 359 1974 complectitur
393 1919 462 1961 ius
498 1917 791 1960 conservandi
815 1918 966 1969 vitam,
993 1918 1294 1973 integritatem
1324 1933 1463 1961 mem-

47 1985 229 2030 brorum
279 1988 559 2046 aliarumque
610 1989 885 2031 exteriorum
937 2002 1086 2029 rerum
1124 2004 1232 2044 quas
1285 2002 1331 2031 ut
1369 2005 1469 2032 suas

49 2057 192 2113 habet,
243 2061 478 2103 sanitatem
523 2076 599 2102 seu
652 2060 1009 2102 incolumitatem
1063 2061 1199 2101 animi
1235 2072 1276 2102 et
1312 2076 1469 2119 corpo-

47 2129 118 2171 ris,
154 2130 202 2172 Iu
238 2142 354 2174 statu
390 2147 495 2174 vero
531 2131 841 2187 complectitur
877 2131 942 2172 ius
970 2145 1058 2172 non
1086 2131 1320 2173 amittendi
1346 2131 1473 2174 inde-

46 2200 351 2257 pendentiam,
386 2204 427 2246 in
465 2219 548 2261 qua
585 2204 671 2245 vita
705 2203 849 2258 gentis
885 2217 969 2258 qua
1008 2201 1103 2243 talis
1139 2203 1358 2245 consistit:
1397 2204 1466 2245 ius

45 2272 213 2316 nullam
248 2275 293 2317 in
328 2274 555 2327 membris,
591 2273 754 2331 quibus
789 2285 930 2314 status
966 2284 1154 2325 constat,
1199 2286 1273 2315 aut
1308 2274 1350 2316 in
1393 2273 1469 2316 bo-

44 2345 127 2400 nis,
163 2344 326 2402 quibus
362 2346 539 2403 gaudet,
575 2345 935 2388 deminutionem
991 2343 1227 2387 subeundi:
1265 2346 1332 2387 ius
1370 2346 1467 2388 nul-

51 2416 137 2458 lam
174 2417 308 2473 illius,
343 2434 428 2476 qua
463 2417 641 2470 fruitur,
666 2417 972 2474 prosperitatis
1007 2417 1222 2458 iacturam
1268 2416 1466 2460 faciendi.

47 2514 96 2519 —
126 2490 370 2545 Praeterea,
395 2503 533 2534 status
559 2491 703 2548 quivis
731 2487 859 2530 habet
895 2489 960 2530 ius
997 2488 1062 2530 sui
1088 2488 1341 2545 perficiendi,
1367 2489 1392 2531 i.
1428 2504 1464 2531 e.
