1705 2787
195 164 349 194 nentes
374 149 425 193 ad
452 150 690 193 utilitatem
718 165 1024 204 communem,
1044 149 1117 193 sed
1144 150 1282 206 magis
1307 148 1358 193 ad
1383 150 1608 207 propriam

196 221 431 264 utilitatem
467 220 533 262 vel
567 221 780 277 gloriam:
816 221 884 263 vel
918 222 1048 263 etiam
1084 236 1134 263 ex
1167 229 1341 275 auctore,
1366 221 1480 263 sicut
1505 235 1607 263 cum

195 294 350 350 aliquis
387 292 528 348 legem
564 291 645 334 fert
671 292 783 334 ultra
808 293 1095 334 commissam
1120 290 1202 334 sibi
1226 302 1515 349 potestatem:
1540 291 1609 334 vel

195 364 325 405 etiam
362 378 411 404 ex
438 362 597 419 forma,
632 374 736 418 puta
770 377 870 404 cum
908 361 1195 419 inaequaliter
1235 378 1369 405 onera
1402 361 1608 406 multitu-

195 433 285 476 dini
321 432 650 488 dispensantur,
685 433 859 474 etiamsi
894 431 1160 474 ordinentur
1195 431 1245 475 ad
1282 431 1450 475 bonum
1489 447 1608 475 com-

196 520 375 546 mune...
412 503 512 545 Alio
547 502 682 546 modo
718 503 834 559 leges
870 516 1056 560 possunt
1090 519 1183 545 esse
1218 504 1491 561 iniustaeper
1515 518 1608 546 con-

194 577 435 618 uarietatem
472 575 525 617 ad
559 574 706 617 honum
741 575 946 631 divinum,
980 576 1095 618 sicut
1144 575 1261 632 leges
1312 587 1609 632 tyrannorum

197 646 455 690 inducentes
491 645 541 689 ad
577 645 874 689 idololatriam
925 646 992 688 vel
1026 645 1077 689 ad
1127 645 1444 704 quodcumque
1477 644 1608 699 aliud,

195 717 313 775 quod
348 719 403 760 sit
438 719 677 761 intrinsece
712 717 895 760 malum.
925 734 944 756 n

284 789 334 831 ΙΙ.
371 789 616 841 Quaeritur
651 788 841 838 secundo,
880 799 1032 830 utrum
1069 787 1185 843 leges
1221 787 1368 830 civiles
1395 786 1610 829 moralem

195 859 408 903 inducant
443 860 780 917 obligationem.

313 932 360 990 α)
395 931 531 984 Quod
566 934 724 975 attinet
758 931 808 974 ad
843 933 960 989 leges
1008 931 1210 985 iniustas,
1245 942 1285 972 et
1321 929 1501 988 quidem
1534 944 1609 987 per

194 1005 554 1046 contrarietatem
589 1003 641 1047 ad
677 1003 845 1047 bonum
881 1020 956 1046 seu
993 1003 1138 1059 legem
1188 1001 1397 1056 divinam,
1431 1017 1504 1044 eae
1538 1001 1609 1045 de-

194 1076 443 1118 stituuntur
478 1091 660 1132 prorsus
695 1076 921 1132 obligandi
955 1077 995 1118 vi
1031 1074 1204 1132 (nullus
1241 1075 1359 1116 enim
1384 1073 1609 1130 legislator

193 1146 374 1190 inferior
394 1160 436 1190 et
455 1146 708 1204 dependens
734 1160 879 1204 potest
904 1146 1150 1204 praevalere
1176 1158 1218 1188 et
1242 1144 1438 1202 obligare
1457 1157 1609 1187 contra

195 1218 337 1274 legem
372 1230 413 1260 et
446 1218 724 1261 voluntatem
761 1218 1024 1275 legislatoris
1058 1218 1269 1274 supremi,
1305 1231 1326 1258 a
1351 1232 1439 1273 quo
1464 1228 1609 1272 potes-

194 1302 330 1332 tatem
365 1288 592 1346 obligandi
627 1290 820 1347 accipit)⁷
857 1291 996 1331 immo
1032 1304 1120 1331 non
1157 1300 1347 1345 possunt
1375 1303 1396 1329 a
1421 1286 1609 1330 subditis

195 1360 417 1403 observari
451 1361 692 1417 (praevalet
726 1362 844 1402 enim
886 1360 953 1403 lex
986 1359 1114 1402 altior
1164 1358 1325 1414 divina,
1360 1359 1486 1400 cuius
1519 1358 1609 1401 vim

193 1431 478 1488 obligativam
514 1448 602 1475 non
638 1432 752 1475 tollit
797 1433 1016 1474 contraria
1066 1432 1132 1473 lex
1167 1429 1348 1473 inferior
1400 1430 1608 1483 humana,

193 1519 239 1545 ea
274 1505 459 1559 ratione,
495 1519 580 1561 qua
613 1504 681 1546 lex
716 1505 831 1560 regis
881 1502 1099 1560 praevalet
1148 1517 1280 1558 supra
1330 1501 1605 1544 contrarium

194 1587 476 1632 praeceptum
510 1576 741 1632 praetoris,
776 1576 845 1617 cui
880 1590 983 1616 sane
1019 1589 1109 1615 non
1145 1584 1333 1629 possunt
1367 1572 1481 1614 cives
1502 1570 1604 1614 obe-

193 1645 283 1687 dire
317 1658 469 1688 contra
504 1645 765 1688 mandatum
801 1645 955 1701 regis).
1000 1662 1019 1683 «
1049 1643 1180 1685 Tales
1216 1643 1348 1698 leges,
1392 1643 1537 1699 inquit
1573 1658 1606 1684 S.

193 1717 394 1759 Thomas
427 1717 514 1775 (Ι),
550 1717 672 1760 nullo
707 1716 843 1759 modo
878 1717 978 1759 licet
1003 1714 1251 1770 observare,
1271 1715 1386 1772 quia,
1410 1714 1524 1756 sicut
1546 1713 1609 1756 di-

190 1789 303 1830 citur
322 1789 418 1831 Act.
438 1789 527 1831 IV.:
558 1788 731 1832 obedire
751 1796 894 1844 oportet
914 1788 1000 1830 Deo
1017 1787 1147 1843 magis
1172 1800 1293 1842 quam
1315 1784 1561 1827 hominibus.
1587 1802 1606 1824 »

193 1861 293 1912 Qua
318 1858 368 1902 de
394 1875 437 1902 re
462 1876 515 1902 en
550 1860 767 1917 praeclara
803 1874 984 1915 prorsus
1020 1874 1052 1900 s,
1078 1856 1320 1913 Augustini
1353 1854 1484 1898 verba
1509 1853 1606 1913 (2):

196 1932 334 1983 «Qui
369 1932 533 1974 resistit
582 1932 803 1988 potestati,
852 1931 933 1973 Dei
984 1928 1254 1971 ordinationi
1304 1928 1471 1969 resistit
1520 1926 1608 1984 (3).

194 1999 273 2042 Sed
310 2001 345 2042 si
379 2000 486 2043 illud
521 1999 683 2055 iubeat,
718 1999 836 2056 quod
872 2014 958 2040 non
996 1996 1151 2040 debeas
1186 1995 1353 2040 facere?
1390 1999 1471 2040 Hic
1507 2012 1609 2040 sane

191 2084 427 2114 contemne
452 2084 731 2129 potestatem.
753 2070 978 2114 Timendo
998 2080 1276 2126 potestatem.
1307 2070 1425 2126 ipsos
1451 2069 1607 2111 huma-

264 2309 308 2341 (1»
338 2307 419 2340 Isoc.
448 2319 539 2341 nunc
569 2308 625 2341 cit.

265 2367 310 2405 (2)
339 2366 392 2398 De
420 2366 514 2399 verb.
544 2366 658 2399 Doni:
680 2366 715 2398 in
744 2376 796 2399 ev.
826 2377 896 2399 sec.
925 2363 1052 2398 Matth.
1080 2375 1184 2397 serm.
1212 2364 1273 2397 VI.

264 2430 309 2466 ις)
341 2426 374 2457 S.
405 2425 532 2458 Paulus
562 2426 595 2458 in
626 2425 725 2468 epist.
756 2424 796 2457 ad
829 2425 929 2457 Rom.
959 2435 1033 2467 cap.
1061 2423 1154 2456 XIII.
1182 2436 1214 2457 κ’.
1249 2433 1278 2456 2.
