1705 2787
82 183 200 230 huic:
238 201 259 227 «
296 195 449 229 utrum
482 186 609 243 pueri
640 185 909 229 Iudaeorum
944 196 986 228 et
1019 184 1210 228 aliorum
1253 180 1505 228 infidelium

81 259 170 300 sint
204 257 354 300 invitis
389 255 649 313 parentibus
683 255 948 314 baptizandi.
987 273 1006 297 »
1045 254 1315 313 Respondet:
1345 273 1364 296 «
1394 256 1502 299 'hoc

82 329 300 372 Ecclesiae
335 343 468 371 usum
503 343 753 385 numquam
799 327 1021 385 habuisse,
1066 326 1187 386 quod
1235 326 1506 371 Iudaeorum

82 398 160 441 filii
193 398 343 442 invitis
378 396 635 455 parentibus
673 397 1017 455 baptizarentur.
1056 415 1076 438 >›
1114 397 1255 440 Cuius
1281 398 1343 440 rei
1363 396 1507 455 dupli·

82 485 178 513 cem
211 468 334 512 affert
367 469 602 511 rationem.
637 469 763 511 Prior
799 481 878 525 est,
923 477 1089 527 propter
1127 467 1358 526 periculum
1390 469 1506 527 fidei.

84 559 104 582 «
141 541 291 584 Altera
324 555 429 584 vero
464 540 577 583 ratio
612 552 692 596 est,
726 541 821 598 qnia
855 549 1053 598 repugnat
1096 541 1272 583 institiae
1306 540 1502 583 naturali.

81 612 218 656 Filius
253 613 373 654 enim
407 610 673 654 naturaliter*
702 623 767 654 est
801 611 956 669 aliquid
983 613 1132 669 patris.
1168 613 1221 654 Et
1256 612 1401 669 primo
1416 613 1508 669 qui-

81 683 182 727 dem
216 699 238 726 a
271 681 528 741 parentibus
584 697 675 725 non
721 681 1013 740 distinguitur
1048 682 1296 726 secundum
1330 698 1508 740 corpus,

82 754 293 814 quamdiu
328 755 373 797 in
408 755 562 797 matris
598 766 726 797 utero
761 756 1030 798 continetur.
1067 754 1365 798 Postmodum
1386 771 1507 811 vero,

82 839 318 885 postquam
352 824 405 868 ab
440 837 568 868 utero
618 825 859 882 egreditur,
904 839 1143 883 antequam
1197 841 1329 869 usum
1381 825 1508 869 liberi

81 896 251 940 arbitrii
286 895 456 953 habeat,
491 897 748 939 continetur
783 896 864 940 sub
890 909 1125 954 parentum
1150 913 1268 953 cura,
1293 898 1407 940 sicut
1426 896 1508 940 sub

82 966 277 1027 quodam
310 967 527 1025 spirituali
564 979 704 1010 utero.
741 966 969 1020 Quamdiu
1006 968 1126 1010 enim
1163 983 1295 1010 usum
1322 969 1506 1010 rationis

82 1054 174 1082 non
209 1037 339 1080 habet
373 1053 496 1095 puer,
532 1053 624 1080 non
649 1037 792 1080 differt
817 1036 869 1080 ab
894 1039 1074 1081 animali
1094 1038 1352 1082 irrationali.
1379 1037 1508 1081 Unde

82 1111 196 1153 sicut
231 1108 309 1152 bos
342 1109 412 1153 vel
445 1125 586 1168 equus
621 1121 686 1152 est
719 1109 920 1165 alicuius,
956 1122 1003 1152 ut
1040 1122 1188 1153 utatur
1225 1126 1277 1152 eo
1312 1126 1414 1153 cum
1433 1126 1508 1154 vo-

83 1183 228 1239 luerit,
263 1180 511 1224 secundum
546 1182 613 1224 ius
649 1182 789 1237 civile7
824 1182 938 1224 sicut
972 1183 1154 1239 proprio
1189 1183 1508 1236 instrument03

83 1254 142 1295 ita
175 1251 227 1296 de
261 1253 356 1295 iure
390 1252 581 1294 naturali
615 1264 694 1308 est,
730 1251 848 1309 quod
885 1251 1016 1308 filius,
1065 1265 1303 1310 antequam
1353 1251 1509 1296 habeat

84 1339 216 1368 usum
250 1324 450 1380 rationis,
500 1324 556 1366 sit
590 1322 671 1366 sub
706 1339 809 1366 cura
844 1325 993 1381 patris,
1034 1323 1162 1367 Unde
1196 1336 1350 1367 contra
1384 1326 1509 1368 iusti—

84 1395 190 1438 tiam
226 1394 474 1437 naturalem
509 1406 638 1450 esset,
673 1395 708 1436 si
743 1410 866 1451 puer,
901 1406 1140 1452 antequam
1176 1394 1331 1438 habeat
1376 1411 1508 1438 usum

85 1467 284 1522 rationis,
319 1483 341 1509 a
375 1482 478 1510 cura
514 1478 749 1524 parentum
775 1465 1077 1522 subtrahatur,
1102 1466 1169 1509 vel
1194 1466 1245 1510 de
1270 1483 1322 1510 eo
1344 1467 1509 1525 aliquid

83 1539 315 1583 ordinetur
350 1540 500 1582 invitis
535 1538 808 1596 parentibus,
858 1540 1101 1596 Postquam
1157 1552 1305 1582 autem
1355 1542 1509 1598 incipit

84 1610 244 1654 habere
278 1626 411 1654 usum
444 1609 571 1654 liberi
605 1609 791 1667 arbitrii,
837 1612 921 1653 iam
972 1611 1127 1668 incipit
1182 1627 1275 1653 esse
1310 1628 1433 1668 suuS‚
1468 1625 1510 1655 et

84 1695 230 1741 potest
263 1695 481 1741 quantum
516 1681 568 1726 ad
603 1698 665 1739 ea,
701 1698 812 1740 quae
846 1694 950 1725 sunt
984 1683 1092 1725 iuris
1128 1681 1265 1725 divini
1291 1684 1358 1726 vel
1383 1697 1511 1727 natu-

85 1754 201 1811 ralis,
235 1753 318 1797 sibi
352 1755 435 1812 ipsi
468 1753 716 1812 providere.
766 1755 818 1797 Et
868 1767 973 1797 tunc
1024 1767 1088 1797 est
1144 1754 1422 1798 inducendus
1458 1754 1510 1798 ad

86 1826 218 1870 fidem
262 1842 354 1869 non
388 1828 618 1869 coactione
653 1826 729 1870 sed
765 1828 1065 1884 persuasione:
1103 1839 1144 1869 et
1194 1839 1338 1884 potest
1376 1828 1510 1869 etiam

85 1899 234 1941 invitis
269 1896 527 1955 parentibus
563 1899 817 1941 consentire
854 1897 953 1941 fidei
988 1911 1029 1940 et
1065 1897 1288 1955 baptizari:
1318 1914 1408 1941 non
1436 1914 1510 1941 au—

85 1979 176 2010 tem
209 1979 448 2025 antequam
484 1967 641 2010 habeat
677 1983 808 2010 usum
844 1969 1070 2010 rationis.»

177 2039 278 2095 Res,
312 2039 502 2096 inquie8‚
538 2052 603 2082 est
639 2040 766 2095 clara,
812 2041 846 2081 si
882 2039 932 2082 de
977 2040 1156 2096 privatis
1202 2041 1403 2097 personis
1455 2040 1511 2082 sit

87 2124 249 2152 sermo.
285 2110 344 2152 At
367 2111 561 2168 princeps
598 2109 803 2168 politicus,
840 2111 914 2166 qui
965 2109 1095 2152 habet
1129 2111 1196 2152 ius
1232 2109 1281 2153 ad
1317 2126 1364 2152 ea
1400 2125 1510 2167 quae

87 2181 239 2224 iuvant
273 2179 324 2224 ad
374 2180 511 2224 finem
556 2182 695 2224 civilis
737 2182 951 2224 consortii
998 2180 1310 2237 obtinendum,
1360 2199 1510 2226 nonne

88 2265 234 2311 potest
266 2252 318 2296 de
352 2266 469 2296 recta
503 2269 747 2310 puerorum
785 2254 1085 2309 institutione,
1120 2265 1351 2311 tantopere
1376 2255 1427 2298 ad
1454 2256 1511 2297 ci-

87 2325 233 2368 vitatis
283 2324 419 2368 finem
469 2326 729 2380 necessaria,
780 2340 931 2367 curam
966 2323 1048 2366 sibi
1097 2330 1351 2371 assumere?
1386 2327 1511 2369 Hanc

87 2398 395 2456 quaestionem
431 2397 715 2455 expediemus
752 2398 792 2438 in
831 2396 1002 2439 scholio
1037 2398 1255 2455 sequenti.

183 2467 276 2523 138.
312 2467 558 2512 Senomox.
595 2467 798 2523 Plerique
835 2484 885 2509 ex
922 2466 1148 2511 modernis
1192 2468 1382 2525 politicis
1418 2468 1509 2510 Sta-
