1705 2787
800 106 850 113 κ·-
886 84 1058 137 4362*-

222 186 294 230 sed
329 184 540 230 coelestem.
577 187 693 230 Tota
713 188 830 231 enirn
866 201 1027 245 quanta
1061 201 1124 231 est
1164 189 1208 232 in
1234 189 1522 233 relationibus
1541 205 1634 235 ver-

224 271 342 301 satur
378 273 489 316 quae
524 274 603 302 nos
639 259 750 302 inter
786 271 827 302 et
861 261 1007 303 Deum
1043 260 1351 314 intercedunt3
1385 277 1433 304 ac
1481 263 1517 305 si
1566 277 1633 306 res

222 330 324 372 alias
359 341 432 372 aut
466 341 611 372 cetera
647 330 759 372 vitae
796 329 928 374 liuius
965 333 1141 387 negotia
1177 333 1367 390 respicit,
1392 332 1434 376 id
1459 344 1634 376 tantum

221 401 412 457 respicit,
447 401 491 442 in
526 412 746 458 quantum
780 400 831 444 ad
867 400 1001 445 finem
1035 403 1162 446 illum
1196 403 1338 462 aliqua
1374 404 1543 447 ratione
1567 419 1633 447 re-

223 472 423 514 feruntur
458 483 532 514 aut
568 471 718 514 referri
752 488 772 514 a
807 471 939 515 nobis
972 486 1172 529 possunt.
1208 475 1246 517 Is
1295 475 1431 531 igitur
1475 489 1635 531 scopus

221 554 285 584 est
308 543 530 584 societatis
556 542 801 600 religiosae,
821 544 978 586 etimnsi
1002 545 1111 587 intra
1130 552 1300 587 natm-ac
1318 544 1512 587 cancellos
1537 559 1645 587 con--

221 613 432 656 sidereum:
467 612 514 656 Id
549 615 681 656 etiam
717 629 902 671 scopum
929 615 1163 657 constituit
1188 615 1412 672 religionis
1438 614 1634 658 revelatae

220 684 262 726 in
297 682 489 726 Ecclesia
522 698 544 724 a
578 682 760 726 Christo
795 685 1012 727 instituta.
1049 685 1145 727 Hoc
1180 697 1355 728 tantum
1394 684 1633 728 discrimen

220 766 299 809 est,
333 753 453 812 quod
486 754 530 796 in
572 753 651 796 hac
706 753 805 797 linis
860 754 910 797 ad
963 756 1168 799 altiorem
1217 754 1421 798 ordinem
1475 770 1633 814 nempe

217 827 389 883 gratiae,
427 836 603 868 evectus
638 826 708 881 sit,
742 838 783 868 et
827 826 997 869 cultum
1041 838 1172 884 atque
1221 826 1488 885 obsequium
1537 828 1633 871 Deo

219 896 533 954 praestandum
568 897 770 954 respiciat
805 896 975 939 actibus
1001 910 1042 940 et
1067 897 1223 941 ritibus
1248 913 1269 940 a
1294 899 1390 941 Deo
1415 896 1632 952 definitis3

218 980 314 1011 tum
348 966 580 1010 hominem
615 967 658 1010 in
703 965 956 1010 felicitatem
1006 967 1186 1010 alterius
1235 969 1349 1011 vitae
1392 983 1483 1011 non
1528 983 1632 1026 qua-

218 1038 502 1095 lemcumque
535 1049 609 1080 aut
645 1036 895 1095 quibusque
946 1037 1102 1080 mediis
1152 1050 1428 1095 promoveat,
1476 1038 1630 1082 sedin

218 1110 472 1153 felicitatem
511 1109 864 1167 supernaturalem
912 1109 1000 1168 (Ι),
1049 1125 1159 1167 quae
1208 1110 1378 1153 visione
1426 1111 1631 1153 intuitiva

216 1183 298 1226 Dei
332 1182 606 1237 continetur,
640 1196 686 1223 ac
722 1181 878 1224 mediis
914 1180 1016 1224 huic
1051 1181 1268 1224 altissimo
1318 1180 1396 1224 fini
1445 1196 1631 1224 consen-

215 1254 368 1297 taneis.
406 1271 426 1293 >)
462 1253 633 1308 Paucis,
668 1252 783 1307 finis,
818 1252 874 1295 ob
909 1268 1042 1311 quem
1078 1252 1285 1295 Christus
1320 1254 1516 1296 instituit
1555 1253 1632 1296 Ec-

216 1325 411 1380 clesiam,
446 1338 511 1367 est
546 1324 637 1367 hic:
675 1336 723 1367 ut
759 1325 802 1366 in
837 1339 884 1366 ea
919 1336 960 1366 et
994 1339 1070 1381 per
1105 1339 1201 1366 earn
1237 1324 1441 1367 homines
1471 1325 1630 1368 sancti-

215 1410 350 1441 tatem
399 1412 445 1439 ac
494 1397 683 1440 salutem
732 1397 758 1438 i.
797 1412 832 1438 e.
885 1395 1205 1439 beatitudinem
1239 1396 1624 1453 supernaturalem

215 1480 524 1526 assequantur.
558 1468 678 1511 Finis
714 1467 781 1510 hic
816 1467 970 1510 salutis
1005 1478 1207 1510 aeternae
1256 1466 1523 1511 obtinendae
1566 1480 1631 1511 est
1686 1458 1688 1461 ⁵

216 1540 316 1584 finis
343 1541 539 1597 proprius
574 1539 793 1583 Ecclesiae
829 1538 1011 1581 Christi.
1054 1539 1273 1590 Quamvis
1307 1539 1425 1581 enim
1461 1551 1629 1582 ceterae

215 1612 448 1654 societates
480 1626 656 1664 omnes,
690 1611 723 1653 si
759 1610 970 1652 honestae
997 1610 1085 1652 sint
1117 1622 1159 1652 et
1184 1609 1422 1666 legitimae,
1443 1609 1630 1654 debeant

214 1683 363 1740 aliquo
398 1680 532 1724 modo
567 1680 796 1725 intendere
830 1681 1019 1724 salutem
1053 1692 1298 1723 aeternam:
1356 1679 1425 1723 hic
1480 1693 1627 1724 tamen

216 1753 315 1796 sinis
352 1767 442 1795 non
476 1764 539 1794 est
574 1768 654 1809 pro
690 1753 792 1809 ipsis
829 1753 912 1795 nisi
938 1751 1159 1808 -gctzeralis
1209 1763 1250 1793 et
1284 1760 1472 1807 remulus,
1521 1751 1626 1795 dum
1664 1810 1669 1815 r

214 1841 293 1882 pro
328 1824 516 1867 Ecclesia
555 1823 723 1867 Christi
757 1836 822 1865 est
850 1824 1044 1881 pioprins
1080 1835 1121 1865 et
1147 1823 1415 1866 immediatus.
1441 1825 1523 1866 Eae
1548 1824 1627 1880 igi-

216 1910 302 1951 tut,
338 1909 387 1939 ut
420 1908 573 1954 postea
608 1896 768 1939 melius
802 1894 1067 1951 videbimus,
1102 1894 1304 1952 indigent
1352 1895 1544 1938 Ecclesia
1575 1895 1627 1939 ad

216 1969 343 2011 illum
390 1967 527 2011 finem
562 1981 786 2011 remotum
823 1967 1134 2022 obtinendum,
1170 1979 1218 2010 ut
1252 1979 1368 2010 recte
1388 1967 1627 2024 procedant

215 2043 256 2083 in
293 2042 607 2098 prosecutione
642 2039 742 2084 finis
777 2041 943 2098 proprii
980 2051 1020 2082 et
1054 2038 1298 2082 immediati
1332 2038 1418 2098 (2).

283 2288 339 2332 (1)
366 2289 456 2322 Vide
470 2300 575 2334 cquae
594 2287 636 2322 de
656 2287 813 2322 felicitati
833 2287 990 2320 musinuli
1008 2295 1040 2321 et
1061 2286 1318 2332 supcriwfccrali
1336 2285 1487 2320 diximus
1506 2285 1575 2320 vol.
1595 2286 1623 2320 I.

214 2360 289 2392 cap.
317 2349 341 2381 1.
371 2357 434 2382 nrt.
462 2359 503 2390 2.,
530 2349 740 2393 praesertim
766 2359 844 2393 pag.
875 2357 928 2392 72.

285 2407 332 2452 (2)
359 2407 449 2440 'Vide
478 2418 593 2452 super.
622 2407 712 2441 thes.
740 2407 844 2441 LVII.
868 2406 922 2440 Cf.
944 2406 1050 2440 Card.
1082 2404 1263 2448 Masszellzn
1281 2405 1322 2439 de
1343 2405 1435 2439 Eccl.
1457 2405 1546 2450 disp.
1565 2404 1622 2438 ΙΙΙ.

214 2475 274 2500 art.
304 2467 347 2500 V,
375 2478 471 2500 nuni.
499 2467 577 2509 48).
