1705 2787
802 28 1062 84 -382-

225 137 429 180 titudinis
464 151 684 194 exponere
731 137 935 194 periculis
970 136 1142 178 mortis:
1200 135 1325 177 cuius
1379 135 1441 178 rei
1494 149 1640 178 exem-

226 209 349 266 plum
385 210 516 250 etiam
551 209 595 250 in
630 209 767 251 veteri
802 220 1072 251 testamento
1108 206 1307 250 habetur.
1343 207 1457 250 Nam
1501 205 1638 249 Aioth

224 280 404 338 quidam
432 280 574 336 Eglon
600 295 748 337 regem
761 280 996 338 Moab,qui
1039 281 1160 337 gravi
1184 280 1395 321 servitute
1420 278 1639 336 populum

225 353 305 395 Dei
326 350 664 408 premebat,sica
683 351 816 394 infixa
836 353 878 394 in
890 353 982 394 eius
997 351 1165 394 femore
1182 352 1422 406 interemit,
1437 363 1479 394 et
1498 350 1637 394 factus

222 435 287 464 est
320 421 473 478 populi
508 420 651 463 iudex.
688 421 771 464 Sed
806 422 890 464 hoc
939 423 1222 479 Apostolicae
1270 421 1496 465 doctrinae
1545 437 1637 465 non

221 494 444 549 congruit.
479 494 621 536 Docet
645 494 765 535 enim
789 507 870 535 nos
895 494 1067 548 Petrus,
1091 494 1143 535 II.
1170 494 1284 535 Petr.
1311 506 1365 549 2.,
1391 508 1481 536 non
1508 492 1635 536 bonis

221 577 396 607 tantum
416 577 457 606 et
482 563 711 619 modestis,
746 579 902 606 verum
923 566 1054 607 etiam
1080 564 1270 622 dyscolis
1296 564 1491 607 dominis
1515 578 1636 607 reve-

224 648 369 678 renter
408 634 611 677 subditos
647 650 754 677 esse.
792 635 908 677 Haec
944 647 1009 677 est
1043 637 1163 678 enim
1197 637 1351 692 gratia,
1385 637 1421 678 si
1455 648 1635 694 propter

221 707 542 749 conscientiam
576 707 658 749 Dei
682 707 900 749 sustineat
915 707 1012 764 quis
1038 708 1237 749 tristitias
1262 709 1431 764 patiens
1456 709 1633 753 iniuste.

221 776 349 820 Unde
385 792 488 819 cum
523 776 655 819 multi
711 777 903 821 Romani
952 778 1247 835 Imperatores
1283 778 1417 821 fidem
1466 778 1635 822 Christi

220 859 593 905 persequerentur
627 849 870 905 tyrannice,
898 863 1147 906 magnaque
1172 849 1416 893 multitudo
1441 862 1532 892 tam
1556 865 1635 893 no-

220 920 391 975 bilium,
426 935 560 978 quam
596 920 751 977 populi
785 932 898 963 esset
932 920 984 963 ad
1007 920 1138 963 fidem
1163 936 1392 978 conversa,
1415 937 1505 965 non
1530 923 1634 966 resi-

219 991 394 1047 stendo,
428 990 503 1034 sed
538 1004 732 1034 mortem
768 993 986 1048 patienter
1036 1005 1078 1034 et
1127 994 1311 1036 animati
1361 995 1632 1037 sustinentes

218 1078 299 1120 pro
335 1063 518 1106 Christo
553 1062 806 1119 laudantur,
831 1064 943 1106 utin
979 1079 1098 1106 sacra
1114 1064 1432 1109 Thebaeorum
1458 1067 1632 1123 legione

219 1134 452 1177 manifeste
487 1148 680 1192 apparet.
715 1136 948 1193 Magisque
982 1135 1119 1178 Aioth
1154 1135 1415 1180 iudicandus
1455 1150 1518 1180 est
1553 1137 1631 1180 ho-

219 1219 332 1250 stem
351 1208 646 1263 interemisse,
667 1222 800 1265 quam
820 1207 974 1264 populi
995 1219 1230 1260 rectorem,
1255 1208 1354 1251 licet
1374 1221 1630 1266 tyrannum.

218 1279 346 1322 Unde
381 1292 421 1321 et
456 1280 501 1322 in
535 1280 672 1322 veteri
706 1291 974 1322 testamento
1010 1279 1220 1336 leguntur
1255 1281 1387 1322 occisi
1411 1279 1545 1322 fuisse
1570 1280 1630 1336 hi,

216 1352 291 1408 qui
326 1349 586 1394 occiderunt
618 1351 715 1393 Ioas
750 1366 901 1407 regem
935 1350 1057 1407 Iuda,
1093 1353 1295 1409 quamvis
1320 1367 1341 1394 a
1377 1352 1498 1395 cultu
1547 1353 1630 1396 Dei

215 1422 510 1479 recedentem,
565 1438 813 1481 eorumque
866 1422 943 1465 filii
978 1425 1186 1466 reservati
1219 1424 1468 1467 secundum
1521 1424 1629 1481 legis

214 1506 514 1552 praeceptum.
550 1495 675 1537 Esset
710 1507 860 1537 autem
896 1494 979 1537 hoc
1013 1494 1293 1538 multitudini
1327 1495 1628 1552 periculosum

213 1578 255 1608 et
290 1566 383 1608 eius
419 1565 683 1622 rectoribus,
719 1567 754 1608 si
788 1567 954 1623 privata
978 1568 1342 1623 praesumptione
1389 1567 1525 1624 aliqui
1566 1578 1628 1609 at-

211 1650 434 1681 tentarent
468 1637 816 1695 praesidentium
838 1652 1007 1692 necem,
1033 1638 1165 1679 etiam
1189 1650 1499 1694 tyrannorum:
1537 1638 1626 1695 ple-

212 1724 404 1766 rumque
440 1710 561 1751 enim
596 1709 857 1752 huiusmodi
892 1709 1098 1766 periculis
1134 1710 1275 1766 magis
1310 1722 1539 1767 exponunt
1581 1725 1627 1752 se

211 1780 314 1823 mali
348 1796 482 1837 quam
519 1780 637 1823 boni.
673 1781 800 1823 Malis
835 1793 985 1823 autem
1031 1780 1143 1822 solet
1192 1796 1286 1822 esse
1319 1796 1450 1837 grave
1484 1780 1626 1824 domi—

209 1853 337 1894 nium
372 1867 463 1894 non
498 1853 649 1895 minus
685 1866 856 1907 regum,
892 1867 1027 1908 quam
1062 1863 1374 1908 tyrannorum,
1425 1852 1527 1909 quia
1560 1867 1626 1894 se-

210 1923 408 1966 cundum
442 1924 713 1965 sententiam
753 1923 1020 1978 Salomonis,
1058 1923 1187 1964 Prov.
1211 1923 1309 1966 XX.
1335 1925 1403 1964 26:
1438 1924 1626 1981 Dissipat

208 1997 351 2052 impios
386 2010 462 2037 rex
498 1997 673 2052 sapiens.
700 1995 841 2051 Magis
867 1995 1004 2050 igitur
1025 2008 1075 2035 ex
1100 1993 1232 2035 huius
1260 1994 1622 2050 praesumptione

208 2067 464 2108 immineret
505 2066 755 2122 periculum
801 2064 1080 2108 multitudini
1115 2063 1166 2107 de
1201 2065 1442 2107 amissione
1491 2065 1622 2122 regis,

207 2153 341 2194 quam
377 2137 627 2179 remedium
654 2137 704 2179 de
724 2136 1026 2179 subtractione
1047 2137 1237 2193 tyranni.
1257 2136 1446 2180 Videtur
1471 2149 1621 2180 autern

207 2209 347 2263 magis
384 2220 540 2250 contra
575 2220 873 2265 tyrannorum
898 2208 1126 2250 saevitiam
1171 2223 1263 2252 non
1299 2210 1466 2265 privata
1500 2224 1621 2266 prae-

205 2280 463 2335 sumptione
507 2280 776 2337 aliquorum,
826 2279 899 2322 sed
949 2281 1212 2322 auctoritate
1246 2279 1419 2337 publica
1464 2296 1618 2338 proce-

205 2347 415 2393 dendum.

327 2439 346 2461 «
372 2422 522 2465 Primo
539 2422 734 2480 quidem,
754 2424 789 2465 si
813 2422 864 2465 ad
890 2425 958 2466 ius
986 2423 1287 2466 multitudinis
1312 2425 1496 2468 alicuius
1521 2441 1616 2482 per-
