1705 2787
677 77 938 122 “231⁵’‘-

89 168 353 227 prae-sertim
385 168 522 227 illam,
556 187 668 230 quae
701 187 754 216 ex
785 171 960 217 diverso
993 188 1017 216 a
1048 173 1146 216 Deo
1179 161 1503 217 ¹dimanat'ionis

88 239 225 285 modo
258 234 439 299 petitur.
477 243 629 287 «Non
664 255 744 300 est,
778 245 837 287 ait
886 244 1182 288 Bellarminus
1229 243 1318 303 (1),
1351 243 1504 288 eadem

83 314 196 357 ratio
229 312 523 357 Pontificatus
558 327 600 358 et
633 316 911 373 Regnorum.
944 317 1063 360 Nam
1096 317 1250 374 Regna
1282 331 1374 360 non
1397 329 1503 360 sunt

82 384 340 429 immediate
373 402 396 428 a
428 386 527 429 Deo
560 388 779 445 instituta,
813 387 888 432 sed
922 387 974 431 ab
1018 387 1294 445 hominibus,
1327 400 1370 432 et
1402 388 1501 432 ideo

82 457 136 501 ab
169 455 430 500 hominibus
463 460 629 502 mutari
652 472 843 516 possunt
866 460 912 503 in
936 460 1039 503 alias
1064 460 1295 517 regiminis
1320 459 1500 503 formas,

83 528 376 573 Pontificatus
409 541 560 574 autem
594 545 617 572 a
649 530 746 574 Deo
780 530 1036 574 immediate
1079 531 1312 574 institutus
1347 542 1425 586 est,
1460 543 1503 574 et

83 601 182 645 ideo
225 616 318 644 non
366 613 514 659 potest
561 601 614 644 ab
662 601 923 645 hominibus
972 603 1263 646 immutari.»
1314 603 1369 646 Et
1416 603 1502 646 alio

84 673 184 717 loco
216 672 313 732 (2):
352 690 372 713 «
398 672 513 716 Sunt
546 672 657 716 duae
691 672 963 717 differentiae
997 675 1112 717 inter
1135 686 1401 731 potestatem
1425 690 1502 732 po-

83 745 251 789 liticam
282 756 415 803 atque
448 744 803 788 ecclesiasticam.
837 745 952 801 Una,
977 760 1028 788 cx
1044 754 1162 803 parte
1185 745 1372 790 subiecti:
1397 762 1501 790 nam

83 815 262 874 politica
295 827 361 858 est
393 816 439 858 in
473 814 779 871 multitudine,
814 816 1107 859 ecclesiastica
1131 817 1176 860 in
1201 832 1292 860 uno
1318 816 1502 860 homine

83 898 313 944 tamquam
345 886 392 929 in
425 885 625 929 subiecto
659 885 930 929 immediate.
976 887 1139 943 Altera,
1189 902 1240 929 ex
1268 895 1386 945 parte
1420 888 1500 945 effi-

83 959 246 1002 cientis:
280 956 400 1016 quod
433 958 612 1016 politica
649 958 853 1001 universe
897 958 1174 1002 considerata
1222 971 1287 1001 est
1321 958 1373 1003 de
1406 961 1502 1003 iure

83 1029 250 1087 divino,
283 1030 329 1073 in
364 1030 619 1088 particulari
655 1030 931 1074 considerata
969 1043 1034 1074 cst
1068 1030 1119 1074 de
1154 1032 1250 1074 iure
1284 1033 1501 1089 gentium,

83 1103 376 1146 ecclesiastica
409 1101 620 1146 omnibus
655 1102 800 1146 modis
844 1115 909 1146 est
943 1102 995 1145 de
1029 1104 1125 1146 iure
1159 1102 1310 1146 divino
1344 1116 1388 1147 et
1420 1104 1501 1146 im-

82 1173 274 1218 mediate
306 1189 329 1216 a
348 1174 458 1217 Deo.
487 1191 507 1214 »
542 1174 643 1217 Alio
662 1174 796 1217 etiam
817 1173 913 1217 loco
938 1173 1035 1232 (3):
1061 1192 1083 1214 (τ
1102 1175 1387 1232 Principatus
1411 1190 1502 1217 sae-

83 1246 242 1291 cularis
275 1245 510 1289 institutus
545 1257 610 1289 est
643 1243 696 1288 ab
731 1244 991 1288 hominibus
1026 1258 1180 1303 estque
1204 1244 1256 1288 de
1280 1246 1376 1289 iure
1396 1262 1502 1303 gen-

83 1320 224 1362 tium:
259 1329 302 1360 at
335 1317 609 1375 principatus
644 1317 968 1360 ecclesiasticus
999 1330 1064 1360 est
1097 1333 1119 1359 a
1144 1316 1240 1360 solo
1265 1318 1361 1361 Deo
1385 1330 1427 1361 et
1450 1317 1501 1361 dc

83 1390 178 1433 iure
212 1387 377 1432 divino.
410 1387 488 1430 Ille
532 1388 646 1445 regit
694 1387 915 1443 homines,
951 1400 998 1430 ut
1048 1387 1255 1430 homines
1306 1400 1425 1444 sunt,
1461 1400 1503 1431 et

83 1460 224 1517 magis
247 1459 418 1502 ratione
437 1473 680 1516 corporum
699 1474 833 1516 quam
853 1459 1129 1501 animarum:
1155 1459 1237 1502 iste
1261 1473 1366 1501 vero
1390 1460 1502 1516 regit

83 1531 304 1587 homines,
329 1541 379 1573 ut
412 1529 657 1573 Christiani
681 1541 800 1585 sunt,
824 1542 866 1572 et
891 1530 1030 1586 magis
1056 1529 1228 1572 ratione
1250 1529 1503 1572 animarum

82 1616 217 1660 quam
241 1616 497 1658 corporum.
521 1600 599 1643 Ille
622 1598 755 1643 habet
779 1616 858 1657 pro
879 1599 966 1643 fine
989 1600 1283 1657 temporalem
1306 1601 1502 1657 quietem

82 1685 125 1716 et
142 1671 332 1715 salutem
356 1671 531 1729 populi:
557 1672 640 1713 iste
664 1672 801 1713 vitam
827 1683 868 1713 et
893 1670 1149 1713 felicitatem
1168 1671 1502 1727 sempiternam.

81 1745 158 1788 Ille
192 1744 333 1787 utitur
357 1741 633 1785 naturalibus
657 1740 828 1799 legibus
855 1754 896 1784 ct
920 1742 1137 1784 institutis
1162 1741 1395 1785 humanis:
1420 1743 1502 1785 iste

83 1814 254 1873 legibus
288 1814 448 1858 divinis
482 1825 525 1857 et
563 1813 850 1856 sacramentis
902 1811 1112 1855 divinitus
1157 1812 1390 1855 institutis,
1424 1812 1502 1855 Ille

82 1888 195 1944 gerit
230 1885 340 1930 bella
373 1901 476 1929 cum
509 1883 715 1928 hostibus
750 1884 898 1941 paucis
934 1895 974 1925 et
998 1881 1268 1925 visibilibus:
1294 1883 1376 1925 iste
1400 1897 1502 1926 cum

82 1955 380 2000 invisibilibus
414 1967 457 1998 et
491 1954 694 1998 infinitis.
723 1972 742 1994 >³

152 2107 198 2150 (1)
225 2107 281 2141 De
309 2105 468 2148 Clericis‚
495 2104 518 2139 l.
544 2105 568 2138 I.
596 2116 625 2138 c.
656 2104 710 2137 28.
738 2123 778 2127 —
810 2104 861 2136 Dc
890 2101 1094 2136 discrimine
1114 2102 1206 2136 inter
1224 2113 1374 2147 regnum
1401 2101 1503 2136 civile

83 2175 118 2201 et
144 2167 383 2212 principatum
411 2163 692 2199 ecclesiasticum
721 2161 764 2197 cs.
792 2162 934 2204 Suarcz,
963 2161 1004 2194 de
1023 2160 1090 2206 leg.
1118 2160 1140 2195 l.
1167 2161 1226 2196 ΙΙΙ.
1248 2173 1275 2195 c.
1296 2172 1439 2207 3.num.
1461 2162 1503 2204 8.,

82 2225 152 2262 def.
177 2227 239 2262 fid.
265 2237 340 2272 cap.
369 2236 399 2271 3.
425 2236 524 2260 num.
543 2224 603 2259 ult.

153 2285 210 2330 (2)
235 2286 290 2319 De
316 2285 443 2327 Laicis,
470 2284 492 2319 1.
519 2284 579 2318 ΙΙΙ.
606 2296 635 2317 c.
663 2281 695 2316 6.

153 2345 210 2390 (3)
238 2345 292 2379 De
333 2345 439 2378 Rom.
478 2343 593 2379 Pom„
625 2341 644 2374 l.
685 2341 708 2373 1.
737 2353 766 2374 c.
794 2350 824 2384 7.
852 2359 894 2364 —
925 2339 1020 2381 Quid
1062 2338 1238 2385 intelligat
1270 2337 1507 2375 Bellarminus

82 2416 145 2450 per
172 2405 224 2438 ius
249 2404 412 2450 gentium,
436 2410 555 2448 potest
584 2402 655 2434 erui
685 2412 727 2433 ez<
755 2410 830 2444 cap.
860 2409 914 2445 29.
941 2406 1040 2434 tract.
1067 2410 1181 2444 nuper
1206 2399 1262 2433 cit.
1282 2399 1325 2433 de
1345 2397 1503 2443 Clericis,

87 2464 139 2499 abi
167 2464 328 2509 inquirit:
357 2474 399 2497 an
428 2463 606 2506 cuemptio
637 2459 846 2494 clericorum
874 2459 918 2494 sit
946 2460 1028 2494 iuris
1054 2458 1163 2495 divini
1190 2458 1370 2494 naturalis.
