1705 2787
691 78 742 82 ““”
778 65 862 107 459
899 76 950 82 —

119 157 182 214 gis
231 156 283 200 ad
317 156 360 199 id
393 169 604 200 tenentur
638 171 740 213 erga
789 155 1046 210 Ecclesiam,
1081 170 1191 213 quae
1228 156 1414 198 societas
1464 166 1530 197 est

118 229 331 270 strictiori
364 243 496 270 sensu
543 227 705 282 divina,
740 242 850 284 quae
886 226 1073 283 perfecta
1110 239 1174 268 est
1212 241 1258 268 ac
1307 241 1531 283 suprema,

119 312 159 342 et
192 298 244 342 ad
278 314 412 356 quam
448 298 612 341 habent
645 314 758 353 eam,
792 297 843 340 de
893 313 978 355 qua
1012 297 1220 351 diximus,
1270 297 1533 340 subordina-

119 371 288 412 tionem
323 385 398 412 seu
435 369 791 427 dependentiam.

205 441 407 483 Iamvero
442 440 750 498 praepedirent
785 440 1064 482 existentiam
1100 440 1334 495 Ecclesiae,
1369 441 1404 482 si
1429 439 1531 482 huic

118 511 390 574 denegarent
422 511 676 554 facultatem
717 511 981 554 instituendi
1016 512 1273 568 EpiscopOS,
1317 510 1533 554 fundandi

119 582 334 625 Ecclesias
369 582 670 639 partict1lare5,
706 582 962 638 possidendi
996 596 1076 625 etc.
1111 582 1424 639 Praepedirent
1457 598 1533 624 au-

118 665 209 696 tem
242 654 465 696 actionem
501 654 735 709 Ecclesiae,
771 655 805 695 si
843 654 945 696 huic
981 652 1251 710 denegarent
1285 653 1531 711 expeditam

120 736 386 781 potestatem
413 724 641 767 exercendi
679 725 864 779 cultum,
889 725 1036 781 plebes
1061 724 1210 768 fideles
1245 737 1376 782 atque
1402 725 1535 767 etiam

119 794 318 838 infideles
372 794 574 849 docendi,
630 797 974 838 matrimonium
1029 797 1200 854 aliaque
1259 808 1534 839 sacramenta

120 866 474 923 administrandi,
495 868 775 910 iuventutem
811 867 1089 918 instituendi,
1124 883 1171 909 ac
1206 869 1452 924 generatim
1487 883 1534 909 ea

121 940 270 982 omnia
305 940 402 982 iura
437 939 685 995 exercendi,
720 954 830 996 quae
867 939 1057 981 Ecclesia
1092 952 1320 996 tamquam
1356 940 1534 996 propria

120 1010 204 1056 sibi
238 1010 431 1054 vindicat
465 1010 561 1069 (Ι).

207 1082 259 1126 H.
280 1083 336 1124 At
368 1083 564 1139 insuper,
599 1082 841 1139 affirmativo
886 1094 1093 1125 tenentur
1139 1081 1284 1124 officio
1335 1081 1533 1135 cedendi,

120 1166 168 1196 ut
203 1152 369 1196 dictum
407 1166 486 1209 est,
520 1153 754 1205 Ecclesiae,
790 1155 968 1211 quando
1009 1157 1119 1197 ratio
1175 1171 1250 1198 seu
1297 1155 1534 1197 necessitas

121 1223 220 1267 finis
255 1224 497 1281 spiritualis
532 1224 575 1267 id
609 1226 767 1281 exigat,
802 1239 932 1284 atque
968 1227 1175 1269 afferendi
1207 1228 1421 1270 auxilium
1457 1227 1535 1268 Ec-

119 1296 288 1351 clesiae,
323 1311 426 1338 cum
462 1295 544 1338 hoc
576 1297 630 1338 sit
665 1299 965 1339 necessarium
999 1311 1040 1339 et
1094 1310 1287 1354 potestas
1329 1298 1532 1340 ecclesia-

120 1368 227 1410 stica
260 1380 479 1424 exposcat.
514 1367 560 1410 Id
595 1380 744 1410 autem
764 1367 953 1410 efficient
979 1371 1131 1411 multis
1158 1368 1317 1424 modis,
1342 1384 1389 1411 ac
1414 1384 1535 1426 prae-

120 1440 261 1496 cipue,
296 1440 358 1481 rei
379 1439 530 1482 ‘civilis
564 1439 996 1482 administrationem
1040 1442 1290 1483 necessitati
1325 1453 1366 1483 et
1411 1455 1535 1482 emo-

120 1511 324 1553 lumento
359 1510 578 1553 Ecclesiae
612 1511 963 1568 attemperandO,
989 1511 1190 1569 publicos
1217 1513 1436 1555 Ecclesiae
1458 1512 1535 1554 ho-

121 1596 208 1626 stes
243 1581 666 1640 perturbatoresque
700 1584 928 1640 puniendo
964 1598 1043 1627 etc.

212 1653 351 1695 Porro
400 1654 515 1696 inter
550 1653 747 1696 officium
798 1656 1051 1711 negativum
1099 1671 1189 1697 non
1235 1654 1424 1697 nocendi
1464 1670 1538 1711 per

122 1724 332 1767 iniuriam
364 1737 405 1766 et
439 1724 636 1767 officinm
672 1724 985 1768 affirmativum
1022 1726 1200 1768 iuvandi
1226 1742 1300 1783 per
1325 1726 1537 1769 auxilium

123 1794 360 1838 discrimen
397 1794 479 1837 hoc
503 1795 751 1849 intercedit,
797 1795 915 1852 quod
942 1797 1198 1851 negativum
1243 1796 1350 1839 illud
1375 1796 1540 1853 obliget

123 1882 298 1923 semper
333 1879 375 1909 et
399 1882 479 1924 pro
503 1882 693 1924 semper,
735 1868 816 1909 lioc
842 1881 991 1910 autem
1016 1867 1331 1910 affirmativum
1378 1867 1542 1923 obliget
1574 1865 1579 1870 ’

125 1937 306 1996 quidem
341 1954 530 1996 semper,
566 1954 655 1980 non
691 1951 835 1981 tamen
884 1955 963 1996 pro
1008 1954 1197 1996 semper,
1247 1939 1320 1981 sed
1373 1940 1542 1981 ratione

127 2009 274 2052 habita
308 2022 404 2053 tum
441 2010 715 2052 necessitatis
751 2023 791 2051 et
826 2011 1188 2066 opportunitatis,
1214 2023 1307 2052 tuin
1337 2021 1545 2066 expostu-

128 2080 307 2123 lationis
343 2081 574 2123 Ecclesiae.

218 2152 393 2195 Horum
432 2151 680 2195 custodiam
717 2151 968 2195 officiorum
1011 2152 1253 2194 Christiani
1311 2152 1546 2208 principes,

202 2302 248 2339 (ι)
277 2300 378 2341 Quot
404 2300 522 2333 modis
550 2301 758 2342 negativum
787 2298 855 2333 lioc
885 2299 1042 2333 osticium
1071 2299 1193 2334 violari
1221 2300 1334 2344 possit
1363 2311 1401 2333 ac
1423 2299 1546 2341 soleat,

130 2367 274 2403 apparet
302 2372 344 2393 ex
372 2360 426 2392 Pii
467 2360 526 2393 IX.
556 2361 658 2404 epist.
686 2371 763 2393 enc.
808 2360 945 2402 Quanta
975 2371 1066 2400 sard,
1096 2368 1128 2392 et
1157 2369 1200 2392 ex
1229 2358 1361 2403 Syllabi
1405 2370 1550 2404 propos.

131 2418 413 2454 xlx-XXXV.
