1705 2787
785 68 835 73 -—
874 53 956 96 244
992 67 1044 72 -
1079 75 1082 78 -

211 150 349 192 sumit
383 147 435 192 ad
469 163 595 191 suam
629 149 896 191 sententiam
939 139 1273 192 declarandam}
1311 150 1510 194 «Potest
1542 149 1626 194 hoc

209 221 414 278 exemplo
448 219 635 263 dominii
671 219 856 263 humani
891 220 1003 263 circa
1038 234 1105 262 res
1138 219 1369 263 inferiores
1403 220 1625 266 declarari.

209 292 476 349 Simpliciter
512 291 631 333 enim
657 289 895 348 loquendo,
920 306 1076 334 omnes
1097 305 1179 347 τρε,
1204 306 1396 348 quarum
1420 290 1625 335 homines

212 361 372 405 liabent
407 360 675 415 dominium,
710 362 814 418 ipsis
839 376 860 403 a
885 362 981 404 Deo
1005 360 1191 404 donatae
1214 373 1333 416 sunt,
1358 377 1450 405 non
1473 373 1622 405 tamen

210 433 366 475 eodem
402 432 553 475 modo.
588 433 705 475 Nam
740 431 996 475 immediate
1039 448 1130 475 non
1165 431 1283 475 dedit
1331 433 1451 476 Deus
1485 431 1626 490 (ordi-

207 505 326 547 narie
362 503 545 562 loquor)
579 503 709 546 alicui
747 503 920 546 homini
953 504 1185 560 proprium
1220 515 1262 546 et
1296 505 1516 561 peculiare
1549 503 1625 548 do-

208 576 400 618 minium
435 575 620 617 alicuius
656 575 732 630 rei,
767 573 841 617 sed
882 574 1138 617 immediate
1172 576 1323 618 omnia
1371 574 1472 618 fecit
1505 590 1626 618 com-

206 647 374 702 munia,
409 647 577 703 privata
611 658 761 689 autem
808 645 1006 689 dominia
1053 647 1213 703 partim
1263 647 1357 690 iure
1406 647 1625 704 gentium,

205 718 366 775 partim
400 718 496 759 iure
532 716 648 759 civili
682 716 933 760 introducta
969 728 1098 770 sunt3
1133 729 1175 760 et
1224 716 1519 760 nihilominus
1552 717 1624 760 illa

205 789 338 831 etiam
373 788 541 844 privata
575 787 773 830 dominia
808 799 914 830 sunt
938 786 1126 830 mediate
1149 804 1171 830 a
1197 789 1292 831 Deo
1319 814 1371 819 -
1398 800 1496 831 tum
1520 788 1623 846 quia

205 858 373 902 ducunt
407 859 629 916 originem
663 873 685 900 a
720 859 861 915 prima
886 857 1127 902 donatione
1161 860 1242 901 Dei
1279 885 1331 890 —-
1367 871 1465 902 tum
1491 860 1623 902 etiam

205 931 305 988 quia
340 945 414 987 per
448 946 575 972 suam
610 930 862 987 generalem
899 929 1231 987 providentiam
1265 929 1317 973 ad
1343 930 1413 974 illa
1438 945 1623 974 concur-

207 1003 259 1045 rit
295 1028 346 1033 -—-
383 1012 480 1044 tum
515 1000 705 1059 denique
731 1002 832 1060 quia
856 1001 925 1044 illa
951 1002 1113 1044 servari
1137 1001 1232 1044 vult
1257 1013 1495 1059 postquam
1520 1013 1623 1044 sunt

204 1073 446 1116 constituta
479 1071 600 1130 (vide
634 1088 779 1130 super.
816 1088 911 1129 pag.
933 1072 1246 1129 235.).Sieque
1281 1072 1388 1116 dixit
1408 1073 1622 1129 Augusti-

207 1161 290 1187 nus
325 1143 420 1202 (1):
467 1145 580 1187 Unde
614 1145 778 1202 quisque
807 1143 985 1201 possidet
1017 1144 1121 1201 quod
1149 1144 1340 1201 possidet,
1379 1159 1510 1187 nonne
1537 1145 1623 1186 iure

204 1215 415 1257 humano?
451 1215 563 1257 Nam
598 1216 684 1257 inre
718 1214 859 1257 divino
909 1216 1081 1257 Domini
1114 1223 1168 1257 est
1214 1223 1324 1257 terra
1359 1223 1390 1257 ct
1416 1213 1623 1272 plenitudo

205 1287 312 1329 cius:
348 1286 443 1329 iure
477 1298 626 1328 tamen
662 1285 859 1328 humano
884 1284 1060 1341 dicitur,
1083 1285 1177 1328 haec
1200 1284 1301 1328 villa
1325 1299 1413 1327 mea
1435 1293 1503 1336 est,
1529 1284 1622 1328 haec

204 1357 346 1399 domus
382 1372 483 1408 mea,
519 1356 580 1399 hic
615 1371 758 1399 servus
794 1371 903 1399 meus
938 1364 1004 1398 est.
1030 1357 1084 1398 Et
1107 1355 1217 1398 infra
1254 1354 1503 1399 concludit:
1529 1356 1624 1413 Ipsa

206 1429 299 1471 ιἰινα
331 1428 513 1470 hnmana
537 1435 611 1484 per
646 1428 911 1484 Imperatores
947 1435 978 1469 et
1012 1428 1136 1483 Reges
1171 1425 1321 1469 saecul-i
1353 1427 1466 1470 Deus
1485 1425 1623 1469 distri-

205 1499 286 1541 huit
317 1499 457 1555 generi
489 1498 681 1541 humano.
715 1498 778 1540 Ita
814 1513 934 1555 ergo,
969 1498 1259 1555 proportione
1293 1508 1478 1553 servata,
1501 1497 1622 1540 Deus

209 1581 273 1611 cst
308 1569 383 1626 qui
417 1567 643 1611 distribuit
678 1584 811 1625 regna
846 1580 888 1611 et
912 1569 1184 1625 principatus
1209 1568 1428 1625 politicos,
1453 1565 1528 1609 sed
1547 1581 1621 1623 per

205 1639 425 1695 homines,
460 1655 536 1682 seu
573 1654 816 1682 consensus
851 1639 1140 1697 populorum,
1173 1638 1250 1681 vel'
1276 1638 1405 1681 aliam
1429 1637 1622 1680 similem

206 1711 536 1754 institutionem
571 1710 830 1753 humanam.
857 1727 877 1750 ))

297 1781 380 1825 Sed
414 1780 523 1825 illud
556 1782 688 1824 etiam
724 1780 922 1839 profecto
956 1780 1090 1835 vides,
1127 1780 1348 1824 theoriam
1373 1778 1484 1822 hanc
1509 1779 1621 1822 circa

207 1854 428 1911 originem
463 1853 651 1897 dominii
686 1854 842 1910 privati
878 1854 921 1896 in
948 1868 1014 1895 res
1049 1851 1224 1895 stabiles
1250 1863 1425 1894 tantum
1450 1849 1621 1893 differre

208 1941 229 1968 a
253 1927 472 1968 sententia
496 1927 917 1979 communistarum,
938 1936 1159 1983 quantum
1184 1939 1206 1966 a
1230 1923 1448 1966 sententia
1472 1937 1621 1964 recen-

209 2001 375 2040 tiorum
410 1996 552 2040 differt
586 1997 755 2040 theoria
792 2009 993 2040 veterum
1033 1997 1144 2038 circa
1179 1996 1400 2051 originem
1435 1992 1622 2036 dominii

214 2067 535 2111 iurisdictionis
570 2069 615 2111 in
648 2068 727 2111 hac
760 2068 829 2111 vel
877 2067 948 2110 illa
995 2066 1249 2124 particulari
1297 2079 1483 2122 persona
1518 2064 1621 2106 resi-

213 2138 369 2182 dentis.
405 2166 457 2170 -
494 2139 618 2193 Quid
652 2140 853 2182 sentiunt
901 2138 1256 2182 communistae?
1290 2136 1512 2189 Sentiunt,
1547 2149 1622 2177 na-

208 2211 395 2254 turalem
431 2212 573 2269 legem
608 2212 872 2270 praecipere,
909 2222 956 2254 ut
991 2226 1056 2253 res
1092 2224 1248 2252 omnes
1282 2206 1458 2250 stabiles
1482 2206 1621 2264 possi-

280 2422 335 2465 (Ι)
367 2422 485 2455 Tract.
513 2419 543 2453 6.
571 2420 604 2453 in
634 2420 757 2453 Ioann.
785 2420 818 2452 in
845 2419 903 2453 fin.
