<?xml version="1.0" encoding="UTF-8"?>
<!DOCTYPE html PUBLIC "-//W3C//DTD XHTML 1.0 Transitional//EN"
    "http://www.w3.org/TR/xhtml1/DTD/xhtml1-transitional.dtd">
<html xmlns="http://www.w3.org/1999/xhtml" xml:lang="en" lang="en">
 <head>
  <title>
</title>
<meta http-equiv="Content-Type" content="text/html;charset=utf-8" />
  <meta name='ocr-system' content='tesseract 3.04.00' />
  <meta name='ocr-capabilities' content='ocr_page ocr_carea ocr_par ocr_line ocrx_word'/>
</head>
<body>
  <div class='ocr_page' id='page_1' title='image "./institutionesphi03ferr_0301.png"; bbox 0 0 1705 2787; ppageno 0'>
   <div class='ocr_carea' id='block_1_1' title="bbox 56 180 1491 1170">
    <p class='ocr_par' dir='ltr' id='par_1_1' title="bbox 56 180 1491 312">
     <span class='ocr_line' id='line_1_1' title="bbox 56 180 1491 241; baseline 0.003 -18"><span class='ocrx_word' id='word_1_1' title='bbox 56 182 226 225; x_wconf 72' lang='lat' dir='ltr'>iunctio</span> <span class='ocrx_word' id='word_1_2' title='bbox 249 181 394 238; x_wconf 85' lang='lat' dir='ltr'>logica</span> <span class='ocrx_word' id='word_1_3' title='bbox 415 196 496 223; x_wconf 90' lang='lat' dir='ltr'>nec</span> <span class='ocrx_word' id='word_1_4' title='bbox 519 196 670 225; x_wconf 89' lang='lat' dir='ltr'>merus</span> <span class='ocrx_word' id='word_1_5' title='bbox 694 181 947 238; x_wconf 74' lang='lat' dir='ltr'>arbitratus,</span> <span class='ocrx_word' id='word_1_6' title='bbox 972 180 1047 224; x_wconf 82' lang='lat' dir='ltr'>sed</span> <span class='ocrx_word' id='word_1_7' title='bbox 1071 180 1236 226; x_wconf 87' lang='lat' dir='ltr'>decisio</span> <span class='ocrx_word' id='word_1_8' title='bbox 1262 182 1491 241; x_wconf 80' lang='lat' dir='ltr'>obligandi</span> 
     </span>
     <span class='ocr_line' id='line_1_2' title="bbox 56 251 448 312; baseline 0.003 -17"><span class='ocrx_word' id='word_1_9' title='bbox 56 253 99 295; x_wconf 87' lang='lat' dir='ltr'>vi</span> <span class='ocrx_word' id='word_1_10' title='bbox 132 252 326 310; x_wconf 87' lang='lat' dir='ltr'>praedita</span> <span class='ocrx_word' id='word_1_11' title='bbox 360 251 448 312; x_wconf 86' lang='lat'>(1).</span> 
     </span>
    </p>

    <p class='ocr_par' dir='ltr' id='par_1_2' title="bbox 56 325 1489 812">
     <span class='ocr_line' id='line_1_3' title="bbox 146 325 1489 384; baseline 0.003 -17"><span class='ocrx_word' id='word_1_12' title='bbox 146 325 200 367; x_wconf 86' lang='lat' dir='ltr'>Et</span> <span class='ocrx_word' id='word_1_13' title='bbox 234 340 338 367; x_wconf 89' lang='lat' dir='ltr'>sane</span> <span class='ocrx_word' id='word_1_14' title='bbox 372 325 453 384; x_wconf 86' lang='lat'>2.⁰)</span> <span class='ocrx_word' id='word_1_15' title='bbox 487 326 532 368; x_wconf 89' lang='lat' dir='ltr'>in</span> <span class='ocrx_word' id='word_1_16' title='bbox 567 326 683 370; x_wconf 87' lang='lat' dir='ltr'>civili</span> <span class='ocrx_word' id='word_1_17' title='bbox 717 327 927 370; x_wconf 84' lang='lat' dir='ltr'>societate</span> <span class='ocrx_word' id='word_1_18' title='bbox 952 325 1167 371; x_wconf 87' lang='lat' dir='ltr'>iudicium</span> <span class='ocrx_word' id='word_1_19' title='bbox 1192 327 1316 371; x_wconf 74' lang='lat' dir='ltr'>civile</span> <span class='ocrx_word' id='word_1_20' title='bbox 1343 343 1388 371; x_wconf 89' lang='lat' dir='ltr'>se</span> <span class='ocrx_word' id='word_1_21' title='bbox 1414 327 1489 371; x_wconf 89' lang='lat' dir='ltr'>ha-</span> 
     </span>
     <span class='ocr_line' id='line_1_4' title="bbox 60 394 1489 456; baseline 0.003 -19"><span class='ocrx_word' id='word_1_22' title='bbox 60 394 131 438; x_wconf 89' lang='lat' dir='ltr'>bet</span> <span class='ocrx_word' id='word_1_23' title='bbox 164 394 217 438; x_wconf 90' lang='lat' dir='ltr'>ad</span> <span class='ocrx_word' id='word_1_24' title='bbox 250 395 396 453; x_wconf 86' lang='lat' dir='ltr'>legem</span> <span class='ocrx_word' id='word_1_25' title='bbox 428 396 638 439; x_wconf 80' lang='lat' dir='ltr'>socialem</span> <span class='ocrx_word' id='word_1_26' title='bbox 672 412 724 439; x_wconf 91' lang='lat' dir='ltr'>eo</span> <span class='ocrx_word' id='word_1_27' title='bbox 759 396 911 454; x_wconf 82' lang='lat' dir='ltr'>modo,</span> <span class='ocrx_word' id='word_1_28' title='bbox 956 413 1044 456; x_wconf 88' lang='lat' dir='ltr'>quo</span> <span class='ocrx_word' id='word_1_29' title='bbox 1078 399 1123 441; x_wconf 90' lang='lat' dir='ltr'>in</span> <span class='ocrx_word' id='word_1_30' title='bbox 1158 397 1342 441; x_wconf 87' lang='lat' dir='ltr'>homine</span> <span class='ocrx_word' id='word_1_31' title='bbox 1376 397 1489 442; x_wconf 86' lang='lat' dir='ltr'>indi-</span> 
     </span>
     <span class='ocr_line' id='line_1_5' title="bbox 56 466 1484 527; baseline 0.001 -17"><span class='ocrx_word' id='word_1_32' title='bbox 56 467 192 510; x_wconf 82' lang='lat' dir='ltr'>viduo</span> <span class='ocrx_word' id='word_1_33' title='bbox 210 466 429 510; x_wconf 89' lang='lat' dir='ltr'>iudicium</span> <span class='ocrx_word' id='word_1_34' title='bbox 452 469 750 511; x_wconf 88' lang='lat' dir='ltr'>conscientiae</span> <span class='ocrx_word' id='word_1_35' title='bbox 770 485 815 511; x_wconf 91' lang='lat' dir='ltr'>se</span> <span class='ocrx_word' id='word_1_36' title='bbox 835 469 965 512; x_wconf 82' lang='lat' dir='ltr'>habet</span> <span class='ocrx_word' id='word_1_37' title='bbox 984 469 1036 513; x_wconf 90' lang='lat' dir='ltr'>ad</span> <span class='ocrx_word' id='word_1_38' title='bbox 1055 470 1200 527; x_wconf 76' lang='lat' dir='ltr'>legem</span> <span class='ocrx_word' id='word_1_39' title='bbox 1219 470 1484 513; x_wconf 79' lang='lat' dir='ltr'>naturalem.</span> 
     </span>
     <span class='ocr_line' id='line_1_6' title="bbox 58 538 1488 595; baseline 0.001 -14"><span class='ocrx_word' id='word_1_40' title='bbox 58 539 196 595; x_wconf 85' lang='lat' dir='ltr'>Atqui</span> <span class='ocrx_word' id='word_1_41' title='bbox 229 539 275 581; x_wconf 88' lang='lat' dir='ltr'>in</span> <span class='ocrx_word' id='word_1_42' title='bbox 309 538 493 581; x_wconf 89' lang='lat' dir='ltr'>homine</span> <span class='ocrx_word' id='word_1_43' title='bbox 526 538 758 582; x_wconf 87' lang='lat' dir='ltr'>individuo</span> <span class='ocrx_word' id='word_1_44' title='bbox 783 541 1081 583; x_wconf 85' lang='lat' dir='ltr'>conscientiae</span> <span class='ocrx_word' id='word_1_45' title='bbox 1105 540 1323 584; x_wconf 86' lang='lat' dir='ltr'>iudicium</span> <span class='ocrx_word' id='word_1_46' title='bbox 1356 539 1488 583; x_wconf 89' lang='lat' dir='ltr'>infert</span> 
     </span>
     <span class='ocr_line' id='line_1_7' title="bbox 59 607 1488 667; baseline 0.001 -16"><span class='ocrx_word' id='word_1_47' title='bbox 59 607 380 665; x_wconf 83' lang='lat' dir='ltr'>obligationem</span> <span class='ocrx_word' id='word_1_48' title='bbox 413 608 467 651; x_wconf 91' lang='lat' dir='ltr'>ad</span> <span class='ocrx_word' id='word_1_49' title='bbox 500 608 609 652; x_wconf 87' lang='lat' dir='ltr'>illud</span> <span class='ocrx_word' id='word_1_50' title='bbox 643 609 937 666; x_wconf 83' lang='lat' dir='ltr'>sequendum.</span> <span class='ocrx_word' id='word_1_51' title='bbox 972 611 1090 667; x_wconf 81' lang='lat' dir='ltr'>Ergo</span> <span class='ocrx_word' id='word_1_52' title='bbox 1124 612 1170 653; x_wconf 91' lang='lat' dir='ltr'>in</span> <span class='ocrx_word' id='word_1_53' title='bbox 1204 611 1320 654; x_wconf 78' lang='lat' dir='ltr'>civili</span> <span class='ocrx_word' id='word_1_54' title='bbox 1355 611 1488 654; x_wconf 85' lang='lat' dir='ltr'>etiam</span> 
     </span>
     <span class='ocr_line' id='line_1_8' title="bbox 60 671 1489 739; baseline 0 -15"><span class='ocrx_word' id='word_1_55' title='bbox 60 682 270 724; x_wconf 86' lang='lat' dir='ltr'>societate</span> <span class='ocrx_word' id='word_1_56' title='bbox 302 679 521 724; x_wconf 90' lang='lat' dir='ltr'>iudicium</span> <span class='ocrx_word' id='word_1_57' title='bbox 565 671 691 724; x_wconf 84' lang='lat' dir='ltr'>civile</span> <span class='ocrx_word' id='word_1_58' title='bbox 739 681 871 725; x_wconf 88' lang='lat' dir='ltr'>infert</span> <span class='ocrx_word' id='word_1_59' title='bbox 915 682 1236 739; x_wconf 75' lang='lat' dir='ltr'>obligationem</span> <span class='ocrx_word' id='word_1_60' title='bbox 1286 682 1337 726; x_wconf 80' lang='lat' dir='ltr'>ad</span> <span class='ocrx_word' id='word_1_61' title='bbox 1372 695 1489 726; x_wconf 81' lang='lat' dir='ltr'>stan-</span> 
     </span>
     <span class='ocr_line' id='line_1_9' title="bbox 60 753 298 812; baseline 0.008 -16"><span class='ocrx_word' id='word_1_62' title='bbox 60 753 168 797; x_wconf 87' lang='lat' dir='ltr'>dum</span> <span class='ocrx_word' id='word_1_63' title='bbox 201 756 298 812; x_wconf 89' lang='lat' dir='ltr'>ipsi.</span> 
     </span>
    </p>

    <p class='ocr_par' dir='ltr' id='par_1_3' title="bbox 58 824 1489 1170">
     <span class='ocr_line' id='line_1_10' title="bbox 148 824 1488 883; baseline -0.001 -14"><span class='ocrx_word' id='word_1_64' title='bbox 148 827 291 869; x_wconf 82' lang='lat' dir='ltr'>Pauca</span> <span class='ocrx_word' id='word_1_65' title='bbox 311 825 416 869; x_wconf 89' lang='lat' dir='ltr'>haec</span> <span class='ocrx_word' id='word_1_66' title='bbox 435 824 655 869; x_wconf 86' lang='lat' dir='ltr'>sufficiant</span> <span class='ocrx_word' id='word_1_67' title='bbox 674 824 725 868; x_wconf 87' lang='lat' dir='ltr'>de</span> <span class='ocrx_word' id='word_1_68' title='bbox 745 838 961 882; x_wconf 75' lang='lat' dir='ltr'>potestate</span> <span class='ocrx_word' id='word_1_69' title='bbox 987 826 1194 882; x_wconf 75' lang='lat' dir='ltr'>iudiciali,</span> <span class='ocrx_word' id='word_1_70' title='bbox 1218 841 1330 883; x_wconf 87' lang='lat' dir='ltr'>quae</span> <span class='ocrx_word' id='word_1_71' title='bbox 1355 826 1488 869; x_wconf 89' lang='lat' dir='ltr'>etiam</span> 
     </span>
     <span class='ocr_line' id='line_1_11' title="bbox 58 897 1489 954; baseline 0 -14"><span class='ocrx_word' id='word_1_72' title='bbox 58 897 287 940; x_wconf 52' lang='lat' dir='ltr'>«iurisdictio</span> <span class='ocrx_word' id='word_1_73' title='bbox 307 897 482 940; x_wconf 86' lang='lat' dir='ltr'>dicitur.</span> <span class='ocrx_word' id='word_1_74' title='bbox 507 898 625 939; x_wconf 79' lang='lat' dir='ltr'>Haec</span> <span class='ocrx_word' id='word_1_75' title='bbox 645 910 855 954; x_wconf 52' lang='lat' dir='ltr'>potestas&gt;</span> <span class='ocrx_word' id='word_1_76' title='bbox 879 909 926 940; x_wconf 91' lang='lat' dir='ltr'>ut</span> <span class='ocrx_word' id='word_1_77' title='bbox 950 899 993 939; x_wconf 87' lang='lat' dir='ltr'>in</span> <span class='ocrx_word' id='word_1_78' title='bbox 1020 897 1155 940; x_wconf 86' lang='lat' dir='ltr'>thesis</span> <span class='ocrx_word' id='word_1_79' title='bbox 1176 898 1489 940; x_wconf 83' lang='lat' dir='ltr'>enunciatione</span> 
     </span>
     <span class='ocr_line' id='line_1_12' title="bbox 59 968 1487 1028; baseline 0.001 -17"><span class='ocrx_word' id='word_1_80' title='bbox 59 968 318 1027; x_wconf 80' lang='lat' dir='ltr'>affirmatut‚</span> <span class='ocrx_word' id='word_1_81' title='bbox 352 971 507 1028; x_wconf 84' lang='lat' dir='ltr'>nequit</span> <span class='ocrx_word' id='word_1_82' title='bbox 541 985 635 1012; x_wconf 84' lang='lat' dir='ltr'>esse</span> <span class='ocrx_word' id='word_1_83' title='bbox 671 970 796 1015; x_wconf 78' lang='lat' dir='ltr'>exlex</span> <span class='ocrx_word' id='word_1_84' title='bbox 830 986 906 1013; x_wconf 86' lang='lat' dir='ltr'>seu</span> <span class='ocrx_word' id='word_1_85' title='bbox 943 970 1194 1014; x_wconf 78' lang='lat' dir='ltr'>arbitraria:</span> <span class='ocrx_word' id='word_1_86' title='bbox 1231 970 1305 1014; x_wconf 87' lang='lat' dir='ltr'>sed</span> <span class='ocrx_word' id='word_1_87' title='bbox 1331 986 1487 1013; x_wconf 86' lang='lat' dir='ltr'>secun-</span> 
     </span>
     <span class='ocr_line' id='line_1_13' title="bbox 60 1039 1487 1099; baseline 0.001 -16"><span class='ocrx_word' id='word_1_88' title='bbox 60 1039 168 1083; x_wconf 89' lang='lat' dir='ltr'>dum</span> <span class='ocrx_word' id='word_1_89' title='bbox 204 1041 335 1098; x_wconf 76' lang='lat' dir='ltr'>leges,</span> <span class='ocrx_word' id='word_1_90' title='bbox 370 1042 617 1084; x_wconf 78' lang='lat' dir='ltr'>naturalem</span> <span class='ocrx_word' id='word_1_91' title='bbox 652 1053 694 1084; x_wconf 88' lang='lat' dir='ltr'>et</span> <span class='ocrx_word' id='word_1_92' title='bbox 728 1041 889 1086; x_wconf 72' lang='lat' dir='ltr'>civiles,</span> <span class='ocrx_word' id='word_1_93' title='bbox 925 1043 1117 1085; x_wconf 78' lang='lat' dir='ltr'>exerceri</span> <span class='ocrx_word' id='word_1_94' title='bbox 1151 1041 1294 1099; x_wconf 83' lang='lat' dir='ltr'>debet,</span> <span class='ocrx_word' id='word_1_95' title='bbox 1329 1055 1370 1085; x_wconf 87' lang='lat' dir='ltr'>et</span> <span class='ocrx_word' id='word_1_96' title='bbox 1405 1042 1487 1085; x_wconf 90' lang='lat' dir='ltr'>hoc</span> 
     </span>
     <span class='ocr_line' id='line_1_14' title="bbox 61 1112 1127 1170; baseline 0.001 -15"><span class='ocrx_word' id='word_1_97' title='bbox 61 1127 228 1169; x_wconf 68' lang='lat' dir='ltr'>curare,</span> <span class='ocrx_word' id='word_1_98' title='bbox 263 1125 313 1156; x_wconf 93' lang='lat' dir='ltr'>ut</span> <span class='ocrx_word' id='word_1_99' title='bbox 345 1114 512 1156; x_wconf 87' lang='lat' dir='ltr'>iustitia</span> <span class='ocrx_word' id='word_1_100' title='bbox 547 1114 593 1155; x_wconf 89' lang='lat' dir='ltr'>in</span> <span class='ocrx_word' id='word_1_101' title='bbox 628 1112 838 1156; x_wconf 85' lang='lat' dir='ltr'>omnibus</span> <span class='ocrx_word' id='word_1_102' title='bbox 865 1113 1127 1170; x_wconf 77' lang='lat' dir='ltr'>triumphet.</span> 
     </span>
    </p>
   </div>
   <div class='ocr_carea' id='block_1_2' title="bbox 597 1342 947 1372">
    <p class='ocr_par' dir='ltr' id='par_1_4' title="bbox 597 1342 947 1372">
     <span class='ocr_line' id='line_1_15' title="bbox 597 1342 947 1372; baseline -0.003 0"><span class='ocrx_word' id='word_1_103' title='bbox 597 1342 747 1372; x_wconf 86' lang='lat' dir='ltr'>THESIS</span> <span class='ocrx_word' id='word_1_104' title='bbox 797 1343 947 1372; x_wconf 78' lang='lat' dir='ltr'>LXXIII.</span> 
     </span>
    </p>
   </div>
   <div class='ocr_carea' id='block_1_3' title="bbox 60 1471 1486 1744">
    <p class='ocr_par' dir='ltr' id='par_1_5' title="bbox 60 1471 1486 1744">
     <span class='ocr_line' id='line_1_16' title="bbox 60 1471 1486 1530; baseline -0.001 -14"><span class='ocrx_word' id='word_1_105' title='bbox 60 1471 92 1516; x_wconf 91' lang='grc' dir='ltr'>Ι.</span> <span class='ocrx_word' id='word_1_106' title='bbox 128 1472 292 1516; x_wconf 66' lang='lat' dir='ltr'>Praeter</span> <span class='ocrx_word' id='word_1_107' title='bbox 319 1481 528 1530; x_wconf 72' lang='lat' dir='ltr'>potestates</span> <span class='ocrx_word' id='word_1_108' title='bbox 567 1472 777 1530; x_wconf 69' lang='lat' dir='ltr'>legiferam</span> <span class='ocrx_word' id='word_1_109' title='bbox 811 1481 843 1515; x_wconf 74' lang='lat' dir='ltr'>et</span> <span class='ocrx_word' id='word_1_110' title='bbox 877 1472 1141 1515; x_wconf 56' lang='lat' dir='ltr'>[mlii-[ariam</span> <span class='ocrx_word' id='word_1_111' title='bbox 1178 1471 1239 1514; x_wconf 73' lang='lat' dir='ltr'>lits</span> <span class='ocrx_word' id='word_1_112' title='bbox 1274 1473 1391 1514; x_wconf 70' lang='lat' dir='ltr'>eliam</span> <span class='ocrx_word' id='word_1_113' title='bbox 1415 1485 1486 1514; x_wconf 77' lang='lat' dir='ltr'>ex-</span> 
     </span>
     <span class='ocr_line' id='line_1_17' title="bbox 180 1544 1485 1602; baseline -0.002 -15"><span class='ocrx_word' id='word_1_114' title='bbox 180 1545 372 1602; x_wconf 72' lang='lat' dir='ltr'>sequendi</span> <span class='ocrx_word' id='word_1_115' title='bbox 397 1546 580 1602; x_wconf 74' lang='lat' dir='ltr'>principi</span> <span class='ocrx_word' id='word_1_116' title='bbox 613 1544 725 1587; x_wconf 68' lang='lat' dir='ltr'>civili</span> <span class='ocrx_word' id='word_1_117' title='bbox 758 1546 950 1602; x_wconf 69' lang='lat' dir='ltr'>competit.</span> <span class='ocrx_word' id='word_1_118' title='bbox 981 1544 1032 1586; x_wconf 85' lang='lat' dir='ltr'>H.</span> <span class='ocrx_word' id='word_1_119' title='bbox 1057 1544 1329 1586; x_wconf 49' lang='lat' dir='ltr'>Emer-ativae</span> <span class='ocrx_word' id='word_1_120' title='bbox 1353 1552 1485 1585; x_wconf 66' lang='lat' dir='ltr'>alitem</span> 
     </span>
     <span class='ocr_line' id='line_1_18' title="bbox 175 1612 1482 1672; baseline -0.002 -15"><span class='ocrx_word' id='word_1_121' title='bbox 175 1616 377 1672; x_wconf 72' lang='lat' dir='ltr'>potestatis</span> <span class='ocrx_word' id='word_1_122' title='bbox 413 1615 519 1657; x_wconf 71' lang='lat' dir='ltr'>dotes</span> <span class='ocrx_word' id='word_1_123' title='bbox 555 1623 648 1657; x_wconf 74' lang='lat' dir='ltr'>sunt</span> <span class='ocrx_word' id='word_1_124' title='bbox 674 1616 917 1672; x_wconf 67' lang='lat' dir='ltr'>praesertim</span> <span class='ocrx_word' id='word_1_125' title='bbox 941 1623 1043 1657; x_wconf 69' lang='lat' dir='ltr'>tres:</span> <span class='ocrx_word' id='word_1_126' title='bbox 1080 1613 1188 1656; x_wconf 70' lang='lat' dir='ltr'>debet</span> <span class='ocrx_word' id='word_1_127' title='bbox 1220 1628 1303 1655; x_wconf 71' lang='lat' dir='ltr'>esse</span> <span class='ocrx_word' id='word_1_128' title='bbox 1327 1612 1482 1671; x_wconf 68' lang='lat' dir='ltr'>fidelis,</span> 
     </span>
     <span class='ocr_line' id='line_1_19' title="bbox 171 1687 541 1744; baseline -0.005 -14"><span class='ocrx_word' id='word_1_129' title='bbox 171 1687 313 1744; x_wconf 74' lang='lat' dir='ltr'>fortis,</span> <span class='ocrx_word' id='word_1_130' title='bbox 340 1687 541 1744; x_wconf 71' lang='lat' dir='ltr'>prudens.</span> 
     </span>
    </p>
   </div>
   <div class='ocr_carea' id='block_1_4' title="bbox 62 1830 1482 2319">
    <p class='ocr_par' dir='ltr' id='par_1_6' title="bbox 62 1830 1482 2232">
     <span class='ocr_line' id='line_1_20' title="bbox 157 1830 1482 1887; baseline -0.002 -14"><span class='ocrx_word' id='word_1_131' title='bbox 157 1831 251 1887; x_wconf 80' lang='lat'>183.</span> <span class='ocrx_word' id='word_1_132' title='bbox 276 1831 638 1874; x_wconf 75' lang='lat' dir='ltr'>DEMONSTRAT1O</span> <span class='ocrx_word' id='word_1_133' title='bbox 662 1844 830 1874; x_wconf 76' lang='lat' dir='ltr'>PRlORIS</span> <span class='ocrx_word' id='word_1_134' title='bbox 856 1845 1022 1873; x_wconf 51' lang='lat' dir='ltr'>mitris.</span> <span class='ocrx_word' id='word_1_135' title='bbox 1048 1830 1122 1872; x_wconf 85' lang='lat' dir='ltr'>Ius</span> <span class='ocrx_word' id='word_1_136' title='bbox 1145 1830 1393 1887; x_wconf 71' lang='lat' dir='ltr'>exsequendi</span> <span class='ocrx_word' id='word_1_137' title='bbox 1418 1842 1482 1871; x_wconf 82' lang='lat' dir='ltr'>est</span> 
     </span>
     <span class='ocr_line' id='line_1_21' title="bbox 63 1901 1481 1959; baseline -0.001 -15"><span class='ocrx_word' id='word_1_138' title='bbox 63 1901 130 1944; x_wconf 91' lang='lat' dir='ltr'>ius</span> <span class='ocrx_word' id='word_1_139' title='bbox 150 1901 418 1959; x_wconf 85' lang='lat' dir='ltr'>procurandi</span> <span class='ocrx_word' id='word_1_140' title='bbox 443 1915 541 1945; x_wconf 87' lang='lat' dir='ltr'>actu</span> <span class='ocrx_word' id='word_1_141' title='bbox 567 1903 898 1945; x_wconf 79' lang='lat' dir='ltr'>exsecutionem</span> <span class='ocrx_word' id='word_1_142' title='bbox 920 1902 1069 1957; x_wconf 70' lang='lat' dir='ltr'>legum</span> <span class='ocrx_word' id='word_1_143' title='bbox 1090 1913 1131 1943; x_wconf 90' lang='lat' dir='ltr'>et</span> <span class='ocrx_word' id='word_1_144' title='bbox 1156 1902 1481 1944; x_wconf 81' lang='lat' dir='ltr'>sententiarum</span> 
     </span>
     <span class='ocr_line' id='line_1_22' title="bbox 62 1973 1480 2031; baseline -0.001 -15"><span class='ocrx_word' id='word_1_145' title='bbox 62 1989 139 2030; x_wconf 87' lang='lat' dir='ltr'>per</span> <span class='ocrx_word' id='word_1_146' title='bbox 163 1985 402 2031; x_wconf 81' lang='lat' dir='ltr'>potestates</span> <span class='ocrx_word' id='word_1_147' title='bbox 428 1974 718 2031; x_wconf 76' lang='lat' dir='ltr'>legislativam</span> <span class='ocrx_word' id='word_1_148' title='bbox 744 1986 784 2016; x_wconf 81' lang='lat' dir='ltr'>et</span> <span class='ocrx_word' id='word_1_149' title='bbox 810 1973 1085 2016; x_wconf 74' lang='lat' dir='ltr'>iudiciariam</span> <span class='ocrx_word' id='word_1_150' title='bbox 1122 1973 1328 2029; x_wconf 71' lang='lat' dir='ltr'>latarum7</span> <span class='ocrx_word' id='word_1_151' title='bbox 1363 1988 1480 2014; x_wconf 74' lang='lat' dir='ltr'>eam-</span> 
     </span>
     <span class='ocr_line' id='line_1_23' title="bbox 63 2043 1482 2103; baseline -0.001 -15"><span class='ocrx_word' id='word_1_152' title='bbox 63 2061 148 2103; x_wconf 85' lang='lat' dir='ltr'>que</span> <span class='ocrx_word' id='word_1_153' title='bbox 173 2045 441 2103; x_wconf 87' lang='lat' dir='ltr'>procurandi</span> <span class='ocrx_word' id='word_1_154' title='bbox 457 2047 649 2089; x_wconf 83' lang='lat' dir='ltr'>externis</span> <span class='ocrx_word' id='word_1_155' title='bbox 669 2047 801 2088; x_wconf 84' lang='lat' dir='ltr'>etiam</span> <span class='ocrx_word' id='word_1_156' title='bbox 828 2047 890 2088; x_wconf 69' lang='lat' dir='ltr'>vis</span> <span class='ocrx_word' id='word_1_157' title='bbox 909 2045 1084 2087; x_wconf 73' lang='lat' dir='ltr'>socialis</span> <span class='ocrx_word' id='word_1_158' title='bbox 1108 2044 1342 2087; x_wconf 82' lang='lat' dir='ltr'>subsidiis:</span> <span class='ocrx_word' id='word_1_159' title='bbox 1366 2043 1482 2087; x_wconf 86' lang='lat' dir='ltr'>unde</span> 
     </span>
     <span class='ocr_line' id='line_1_24' title="bbox 63 2115 1481 2175; baseline -0.001 -17"><span class='ocrx_word' id='word_1_160' title='bbox 63 2115 224 2160; x_wconf 90' lang='lat' dir='ltr'>dicitur</span> <span class='ocrx_word' id='word_1_161' title='bbox 258 2118 390 2160; x_wconf 86' lang='lat' dir='ltr'>etiam</span> <span class='ocrx_word' id='word_1_162' title='bbox 439 2119 507 2160; x_wconf 92' lang='lat' dir='ltr'>ius</span> <span class='ocrx_word' id='word_1_163' title='bbox 555 2118 723 2175; x_wconf 75' lang='lat' dir='ltr'>cogendi</span> <span class='ocrx_word' id='word_1_164' title='bbox 759 2133 834 2159; x_wconf 85' lang='lat' dir='ltr'>seu</span> <span class='ocrx_word' id='word_1_165' title='bbox 885 2128 1078 2173; x_wconf 79' lang='lat' dir='ltr'>potestas</span> <span class='ocrx_word' id='word_1_166' title='bbox 1131 2117 1365 2158; x_wconf 68' lang='lat' dir='ltr'>coercitiva</span> <span class='ocrx_word' id='word_1_167' title='bbox 1414 2115 1481 2158; x_wconf 79' lang='lat' dir='ltr'>vel</span> 
     </span>
     <span class='ocr_line' id='line_1_25' title="bbox 64 2189 272 2232; baseline 0.005 -2"><span class='ocrx_word' id='word_1_168' title='bbox 64 2189 272 2232; x_wconf 87' lang='lat' dir='ltr'>coactiva.</span> 
     </span>
    </p>

    <p class='ocr_par' dir='ltr' id='par_1_7' title="bbox 151 2259 1480 2319">
     <span class='ocr_line' id='line_1_26' title="bbox 151 2259 1480 2319; baseline -0.002 -17"><span class='ocrx_word' id='word_1_169' title='bbox 151 2261 246 2303; x_wconf 90' lang='lat' dir='ltr'>Hoc</span> <span class='ocrx_word' id='word_1_170' title='bbox 281 2261 349 2304; x_wconf 86' lang='lat' dir='ltr'>ius</span> <span class='ocrx_word' id='word_1_171' title='bbox 383 2261 571 2319; x_wconf 84' lang='lat' dir='ltr'>principi</span> <span class='ocrx_word' id='word_1_172' title='bbox 594 2262 709 2304; x_wconf 80' lang='lat' dir='ltr'>civili</span> <span class='ocrx_word' id='word_1_173' title='bbox 732 2259 1027 2318; x_wconf 78' lang='lat' dir='ltr'>proculdubio</span> <span class='ocrx_word' id='word_1_174' title='bbox 1052 2260 1279 2316; x_wconf 83' lang='lat' dir='ltr'>competit.</span> <span class='ocrx_word' id='word_1_175' title='bbox 1302 2259 1480 2301; x_wconf 82' lang='lat' dir='ltr'>Etenim</span> 
     </span>
    </p>
   </div>
   <div class='ocr_carea' id='block_1_5' title="bbox 59 2398 270 2404">
    <p class='ocr_par' dir='ltr' id='par_1_8' title="bbox 59 2398 270 2404">
     <span class='ocr_line' id='line_1_27' title="bbox 59 2398 270 2404; baseline 0 0"><span class='ocrx_word' id='word_1_176' title='bbox 59 2398 270 2404; x_wconf 95' lang='lat' dir='ltr'> </span> 
     </span>
    </p>
   </div>
   <div class='ocr_carea' id='block_1_6' title="bbox 133 2479 964 2528">
    <p class='ocr_par' dir='ltr' id='par_1_9' title="bbox 133 2479 964 2528">
     <span class='ocr_line' id='line_1_28' title="bbox 133 2479 964 2528; baseline 0.001 -12"><span class='ocrx_word' id='word_1_177' title='bbox 133 2482 189 2528; x_wconf 88' lang='lat'>(1)</span> <span class='ocrx_word' id='word_1_178' title='bbox 217 2483 314 2517; x_wconf 76' lang='lat' dir='ltr'>llaec</span> <span class='ocrx_word' id='word_1_179' title='bbox 343 2496 383 2517; x_wconf 66' lang='lat' dir='ltr'>ex</span> <span class='ocrx_word' id='word_1_180' title='bbox 413 2483 624 2528; x_wconf 55' lang='lat' dir='ltr'>&#39;som-giorgi,</span> <span class='ocrx_word' id='word_1_181' title='bbox 654 2483 731 2517; x_wconf 10' lang='lat' dir='ltr'>luith.</span> <span class='ocrx_word' id='word_1_182' title='bbox 761 2494 856 2517; x_wconf 78' lang='lat' dir='ltr'>num.</span> <span class='ocrx_word' id='word_1_183' title='bbox 884 2479 964 2527; x_wconf 51' lang='grc' dir='ltr'>μή.</span> 
     </span>
    </p>
   </div>
  </div>
 </body>
</html>
