1705 2787
730 77 780 84 .-......
820 66 901 110 *427
940 79 990 84 ...-

151 160 418 219 reipublicae
453 162 593 204 illatas
628 162 680 204 ab
706 163 840 204 :tlt-era
865 162 1085 219 republica
1112 162 1298 204 iniurias
1319 162 1455 204 armis
1480 162 1573 204 vin·

149 232 308 277 dicare.

239 307 293 349 Et
325 321 431 349 sane
465 307 533 354 ius
569 318 755 348 naturae
799 305 1010 362 postulat,
1047 317 1096 348 ut
1139 306 1316 361 iniuria,
1351 320 1465 363 quae
1500 321 1572 349 su·

147 392 302 434 premo
336 378 525 435 principi
553 383 634 420 “aut
668 374 935 434 reipublicae
968 376 1085 418 illata
1122 388 1187 418 est
1212 375 1264 418 ab
1289 376 1430 419 altero
1451 377 1571 434 prin-

147 449 242 506 cipe
276 461 352 491 aut
386 448 627 506 republica,
663 464 754 491 non
779 447 928 490 minus
956 446 1168 490 vindicari
1194 459 1235 490 et
1261 449 1453 505 reparari
1473 463 1573 505 pos-

147 522 216 576 sit,
250 536 386 579 quarn
421 521 598 576 iniuria,
635 535 746 578 quae
782 520 975 576 privatae
1010 534 1226 575 personae
1261 518 1379 562 illata
1413 531 1479 562 est
1513 518 1565 562 ab

146 592 281 635 altera
325 593 493 649 privata
538 607 742 649 persona.
791 591 927 647 Atqui
971 588 1244 647 quandoque
1290 591 1482 648 reparari
1527 602 1568 633 et

148 663 362 707 vindicari
395 678 485 706 non
520 676 681 721 potest,
717 663 800 705 nisi
837 662 877 704 vi
901 675 1157 704 asinorum:
1184 677 1287 705 cum
1312 677 1474 719 nempe
1498 663 1575 719 qui

145 735 355 778 iniuriam
390 734 542 777 intulit
566 749 646 777 nec
671 746 830 791 sponte
856 749 934 777 nec
973 746 1153 791 rogatus
1178 734 1274 778 vult
1309 733 1570 777 satisfactio-

148 822 252 850 nem
286 805 401 852 dare.
437 806 557 862 Ergo
593 806 761 849 bellum
796 807 929 848 etiam
979 806 1249 850 ostensivum
1300 805 1572 865 quandoque

149 891 214 921 est
248 877 420 921 licitum
454 876 541 935 (1).
577 877 664 920 Ubi
698 876 1024 921 animadvertas
1060 878 1315 934 discrimen,
1341 877 1462 936 quod
1488 878 1567 921 hac

151 951 194 993 in
230 965 275 993 re
309 948 545 992 intercedit
578 950 692 992 inter
728 950 922 1006 privatos
968 965 1134 1009 cosque
1183 965 1356 1006 omnes,
1391 951 1467 1008 qui
1502 965 1574 993 su-

153 1023 376 1080 periorem
411 1019 589 1076 habent,
624 1034 665 1064 et
691 1022 920 1064 nationem
961 1037 1035 1065 seu
1064 1023 1284 1080 principes
1321 1037 1570 1080 supremos.

153 1092 213 1137 Ut
246 1094 305 1136 ait
339 1092 635 1136 Bellarminus
670 1092 759 1151 (2),
796 1112 815 1133 «
844 1094 1001 1151 privati
1048 1093 1255 1138 homines
1310 1106 1350 1137 et
1386 1095 1462 1152 qui
1496 1110 1569 1137 su-

152 1166 375 1223 periorem
410 1163 588 1220 habent,
623 1164 657 1206 si
692 1164 745 1206 ab
779 1164 930 1223 aliquo
973 1167 1157 1210 iniurias
1202 1167 1432 1223 recipiant,
1472 1182 1574 1224 pos-

155 1249 260 1281 sunt
293 1236 345 1280 ad
388 1237 666 1295 superiorem
710 1236 967 1294 confugere,
1012 1250 1145 1295 aeque
1179 1236 1232 1280 ab
1267 1252 1319 1280 eo
1354 1236 1573 1281 iudicium

150 1323 311 1368 petere.
347 1311 405 1353 At
437 1309 674 1367 principeS,
708 1310 744 1352 si
777 1307 829 1352 ab
863 1308 957 1352 aliis
992 1307 1267 1367 principibus
1292 1307 1459 1367 aliquid
1501 1325 1575 1367 pa-

148 1379 331 1437 tiantur,
355 1395 446 1424 non
471 1378 636 1423 habent
661 1394 903 1424 commune
927 1379 1111 1438 aliquod
1135 1380 1346 1437 tribunal,
1370 1379 1422 1424 ad
1450 1379 1571 1438 quod

147 1451 245 1495 illos
278 1463 503 1507 accusent,
538 1463 579 1494 et
613 1450 713 1494 ideo
753 1451 853 1494 licet
888 1453 949 1495 eis
986 1451 1101 1496 bello
1152 1452 1336 1496 iniurias
1371 1450 1572 1511 publicas

150 1524 412 1582 propulsare
441 1541 461 1564 >³
499 1522 590 1581 (3).

221 1685 278 1729 (1)
306 1697 322 1715 a
342 1685 448 1719 Ratio
476 1693 541 1726 est,
569 1684 683 1730 iuquit
710 1685 842 1720 Suarez
871 1685 964 1727 ibid„
992 1686 1073 1730 quia
1114 1684 1183 1719 tale
1223 1685 1357 1720 bellum
1385 1696 1493 1731 saepe
1521 1696 1574 1721 est

151 1743 367 1790 reipublicae
393 1744 639 1778 necessarium
667 1744 710 1778 ad
734 1744 995 1790 propulsandas
1034 1745 1180 1778 iniurias
1209 1753 1241 1779 et
1270 1745 1314 1779 ad
1353 1746 1574 1780 coercendos

152 1803 288 1845 hostes,
330 1814 447 1849 neque
489 1802 590 1838 aliter
628 1812 777 1848 possent
816 1802 1036 1848 respublicae
1065 1803 1101 1838 in
1140 1814 1227 1848 pace
1268 1805 1486 1839 conservari.
1514 1805 1576 1839 Est

155 1873 240 1909 ergo
259 1862 329 1897 hoc
356 1863 432 1896 iure
459 1871 608 1897 naturae
644 1862 791 1903 licitum,
833 1872 936 1908 atquc
966 1863 1056 1897 adeo
1085 1863 1193 1897 ctiam
1233 1862 1313 1909 lege
1354 1863 1574 1910 evangelica,

153 1933 244 1968 quac
271 1922 305 1956 in
325 1920 421 1956 nulla
448 1933 485 1955 re
513 1922 663 1968 derogat
691 1922 753 1956 iuri
784 1922 947 1963 naturali,
974 1933 1091 1968 neque
1126 1922 1233 1957 habet
1261 1934 1356 1958 nova
1383 1933 1576 1970 praecepta

153 1982 283 2025 divina,
310 1991 563 2028 praeterquam
591 1981 673 2016 fidei
702 1990 735 2016 et
765 1991 1118 2017 sacramentorum.»

224 2043 272 2083 (2)
300 2041 354 2075 De
384 2041 498 2075 Laicis
528 2040 547 2074 l.
576 2040 636 2075 111.
663 2052 693 2075 c.
724 2051 775 2083 15.

225 2097 278 2141 (3)
309 2097 364 2133 Cf.
393 2098 464 2133 duo
498 2099 682 2144 principia,
710 2110 801 2144 quae
841 2098 884 2132 dc
926 2100 1074 2133 iniuriae
1113 2099 1269 2134 vindicta
1310 2100 1416 2135 statui
1445 2098 1573 2135 solent.

156 2157 182 2191 1.
215 2156 372 2192 Vindicta
402 2157 499 2193 licita
538 2163 594 2201 est,
621 2170 649 2192 sz
685 2165 796 2204 poena
822 2159 867 2191 sit
906 2157 1025 2192 illatae
1052 2159 1204 2207 iniuriae
1230 2160 1517 2205 proportionata,
1545 2163 1579 2194 et

154 2217 346 2252 ulciscentis
372 2219 508 2252 animus
546 2230 612 2251 non
654 2218 781 2251 mulum
805 2218 988 2263 peccantis,
1016 2218 1070 2252 sed
1089 2218 1224 2260 bonum,
1245 2218 1334 2264 quod
1349 2224 1411 2265 per
1428 2226 1575 2265 poenam

153 2277 184 2310 ei
211 2276 347 2311 illatam
375 2278 559 2319 obtinetur,
581 2282 753 2323 tamquam
768 2276 873 2322 fincm
894 2277 1060 2312 intendat.
1085 2278 1124 2313 Π.
1144 2278 1274 2324 Magno
1294 2277 1469 2312 hominum
1490 2279 1574 2313 bono

151 2335 324 2370 vindictae
350 2336 548 2371 exercendas
571 2341 719 2383 potestas
748 2337 781 2370 in
820 2340 911 2370 statu
939 2336 1038 2371 civili
1075 2344 1230 2383 supremo
1258 2338 1444 2384 imperanti
1471 2350 1576 2373 reser-

152 2400 235 2429 vata
261 2401 320 2430 est.
347 2397 402 2431 De
428 2396 483 2431 his
510 2395 553 2430 cf.
581 2408 607 2430 s.
643 2395 838 2438 Thomam,
877 2406 907 2430 2.
937 2406 966 2430 2.
995 2408 1027 2442 q.
1059 2407 1147 2442 107„
1176 2398 1233 2432 ubi
1260 2397 1303 2433 de
1342 2397 1578 2433 vindicatione

151 2456 234 2502 agit.
263 2476 305 2482 -
334 2455 387 2492 Cf.
417 2468 532 2502 super.
552 2455 622 2491 vol.
643 2456 683 2490 II.
706 2456 799 2492 thes.
818 2455 909 2499 VIL,
930 2456 988 2491 ubi
1007 2456 1050 2491 de
1071 2459 1109 2493 vi
1127 2458 1214 2492 iuris
1234 2459 1389 2493 coactiva
1410 2458 1575 2494 diximus.
