1705 2787
672 62 717 67 -
759 49 841 92 339
879 61 929 66 ’-

93 144 207 188 male
229 144 396 201 populo
421 144 744 198 consuluerint,
768 144 909 186 sciant
928 141 1011 185 sibi
1030 142 1250 184 rationem
1269 138 1506 198 aliquando

90 216 187 259 Deo
221 230 316 270 esse
348 213 634 270 reddendam,
668 213 802 271 idque
835 225 960 256 tanto
995 213 1206 268 severius,
1241 223 1409 269 quanto
1442 209 1510 253 vel

91 287 312 330 sanctiore
346 287 390 329 in
424 301 611 329 munere
644 286 807 329 versati
840 287 943 342 sint⁷
967 285 1035 328 vel
1059 284 1249 342 gradum
1283 282 1511 340 dignitatis

92 358 296 401 altiorem
330 356 611 401 obtinuerint
645 356 731 416 (1).
762 375 782 398 »

208 430 282 474 III.
317 429 492 474 Omnes
526 429 721 486 tandem,
770 430 861 472 sive
895 427 1064 472 subditi
1098 430 1188 471 sive
1223 429 1512 485 imperantes,

91 501 252 545 debent
285 502 472 559 patriam
497 500 703 544 ordinato
727 515 879 544 amore
904 501 1128 558 prosequi,
1152 499 1205 542 ad
1232 514 1388 542 verum
1413 499 1507 541 eius

93 571 262 616 bonum
277 573 512 616 simuluna
527 572 847 629 conspirantes.
869 572 1042 615 Omnes
1062 572 1182 614 enim
1201 585 1358 614 sumus
1379 571 1510 627 cives,

91 660 168 688 seu
187 645 528 689 communitatis
553 644 691 687 civilis
712 645 833 687 socii:
859 645 1134 702 quicumque
1158 655 1309 686 autem
1334 654 1399 685 est
1435 657 1505 685 so-

91 718 185 760 cius
209 717 394 760 alicuius
408 717 747 759 communitatis
761 716 1045 774 (praesertim
1065 731 1170 759 vero
1184 716 1220 758 si
1237 714 1448 758 naturalis
1464 730 1511 757 ea

92 788 148 830 sit
171 802 219 830 ac
253 787 536 846 necessaria),
554 788 589 830 is
613 785 741 830 debet
776 788 869 830 eius
891 786 1059 830 bonum
1093 787 1218 842 velle,
1254 799 1295 829 et
1329 785 1379 829 ad
1415 787 1509 829 eius

94 858 266 902 bonum
300 875 389 903 una
422 875 526 902 cum
559 859 657 902 aliis
689 860 819 902 sociis
854 860 1097 916 cooperari.
1122 858 1296 902 Omnes
1322 859 1513 901 maxima

92 947 115 973 a
148 931 265 974 civili
299 932 527 974 consortio
563 930 773 974 beneficia
808 932 1079 988 recepimus:
1116 946 1227 988 quae
1251 942 1355 973 sunt
1389 943 1513 971 amo-

95 1003 152 1045 ris
186 1003 435 1047 redditione
469 1002 810 1061 compensanda.

185 1093 205 1115 «
243 1076 410 1131 Homo,
442 1074 574 1119 verba
608 1087 714 1118 sunt
747 1092 780 1118 s.
817 1075 1021 1118 Thomae
1067 1076 1154 1117 iam
1187 1074 1273 1117 alio
1308 1072 1406 1116 loco
1441 1071 1513 1129 (2)

167 1234 221 1278 (1)
247 1234 367 1269 Verba
393 1235 524 1269 Leonis
552 1236 646 1272 XIII.
675 1236 711 1271 in
738 1247 791 1283 ep.
808 1248 922 1282 nuper
953 1237 1021 1277 cit,
1038 1235 1236 1270 Immortale
1264 1236 1339 1269 Dei.
1358 1254 1399 1259 —
1418 1234 1511 1268 Cum

95 1303 169 1329 tani
196 1294 294 1339 gravi
323 1295 486 1340 princeps
515 1295 756 1341 adstringatur
782 1295 913 1338 officio,
942 1307 1103 1341 quaeres,
1132 1304 1249 1329 utrum
1288 1295 1401 1340 possit
1428 1305 1512 1328 cum

99 1353 202 1388 laude
219 1365 370 1399 regnum
389 1354 564 1389 abdicare.
581 1354 701 1400 Negat
716 1354 985 1390 Burlamachius
1002 1356 1178 1400 inquiens,
1195 1354 1269 1400 regi
1285 1353 1514 1388 moriendum

97 1423 176 1446 esse
204 1412 239 1446 in
266 1413 410 1457 proprio
438 1412 580 1455 throno,
609 1422 642 1447 et
669 1414 813 1459 signum
841 1414 967 1448 abiecti
997 1415 1105 1448 animi
1134 1425 1211 1448 esse
1252 1426 1291 1448 ac
1318 1412 1422 1446 valde
1450 1413 1513 1447 de-

98 1472 230 1506 decens
257 1473 485 1506 maiestatem
512 1472 690 1518 principis,
719 1484 756 1507 se
776 1474 919 1518 propria
940 1475 1150 1508 auctoritate
1170 1474 1307 1516 privare
1328 1473 1515 1519 (Principes

95 1531 134 1565 de
160 1532 268 1566 Droit
295 1537 362 1565 nal.
391 1537 422 1565 ct
443 1532 526 1579 pol„
554 1531 575 1567 l.
603 1542 634 1566 2.
661 1544 695 1578 p.
726 1544 754 1567 1.
782 1533 836 1567 ch.
864 1534 926 1578 4.).
966 1535 1102 1568 Verum
1145 1534 1322 1568 contraria
1350 1543 1403 1568 est
1430 1545 1507 1567 sen-

95 1592 206 1627 tentia
232 1592 404 1627 tenenda:
426 1593 595 1638 Princeps
622 1601 743 1638 potest
770 1595 869 1640 regni
897 1606 1019 1629 curam
1048 1594 1240 1639 deponere,
1270 1602 1417 1638 excepta
1443 1593 1512 1639 hy-

95 1651 248 1696 pothesi,
276 1652 371 1697 quod
400 1652 578 1686 eiusmodi
607 1652 783 1687 abdicatio
811 1654 847 1687 in
874 1665 1044 1699 magnum
1073 1655 1122 1687 rei
1150 1653 1312 1699 publicae
1340 1654 1511 1687 damnum

95 1712 209 1747 cedat.
235 1712 440 1746 Videndum
468 1724 576 1758 porro
605 1713 680 1754 erit,
708 1725 777 1758 qua
805 1714 845 1748 dc
874 1726 980 1748 causa
1008 1714 1042 1748 id
1070 1714 1185 1748 faciat.
1214 1715 1262 1756 Si,
1281 1714 1378 1747 bono
1398 1713 1512 1747 socie-

97 1771 178 1805 tatis
205 1770 293 1805 nihil
319 1770 552 1816 periclitante,
580 1771 614 1805 id
641 1771 757 1814 faciat,
797 1782 834 1807 ut
873 1772 1040 1807 altiorum
1078 1774 1251 1808 virtutum
1279 1774 1447 1808 exercitio
1476 1784 1513 1807 se

99 1830 218 1875 dedat,
233 1830 431 1866 laudandus
447 1832 522 1866 erit.
542 1831 589 1865 Ut
608 1830 752 1866 laudem
772 1833 879 1866 ctiam
907 1833 1110 1871 merebitur,
1127 1834 1154 1867 si
1174 1833 1207 1866 id
1235 1832 1350 1876 saciat,
1370 1833 1513 1879 quando

97 1890 175 1926 talis
196 1891 372 1925 abdicatio
393 1891 433 1925 ab
452 1891 529 1936 ipsa
550 1890 690 1936 publica
705 1891 856 1926 utilitate
873 1901 905 1926 et
921 1904 1007 1938 pacc-
1024 1893 1287 1937 persuadeatur.
1305 1912 1347 1918 -
1364 1893 1444 1927 Alia
1461 1903 1514 1929 est

98 1951 286 1996 quaestio:
314 1959 431 1985 utrum
459 1962 533 1984 non
559 1950 670 1984 modo
715 1952 832 1996 quoad
873 1964 920 1991 se,
949 1952 1010 1985 sed
1040 1953 1146 1986 etiam
1179 1953 1296 1997 quoad
1325 1952 1428 1993 filios,
1457 1954 1515 1999 qui

99 2011 295 2044 successuri
313 2019 444 2051 essent,
463 2012 626 2054 princeps
647 2012 808 2046 abdicare
824 2023 974 2055 regnum
990 2013 1113 2056 possit.
1130 2014 1249 2054 Quam
1266 2013 1517 2057 quaestionem

98 2069 146 2103 sic
175 2068 283 2103 solvit
331 2070 549 2114 Liberatorc,
579 2075 631 2107 ius
659 2083 733 2106 soc.
774 2084 871 2106 nuni.
913 2083 990 2116 70*
1021 2086 1035 2102 υ
1075 2073 1282 2107 Generatim
1327 2073 1519 2107 dicendum

99 2129 249 2171 videtur,
266 2130 429 2175 inspecto
456 2132 535 2167 solo
563 2134 637 2167 iure
665 2142 823 2174 naturae,
851 2144 956 2177 posse
984 2142 1121 2177 patrem
1141 2133 1304 2167 abdicare
1325 2134 1431 2167 etiam
1452 2145 1515 2178 pro

99 2186 191 2229 filiis,
231 2189 306 2223 sive
324 2190 513 2225 nascituris
534 2192 608 2225 sive
627 2192 731 2233 natis,
752 2191 921 2236 quamdiu
942 2192 1005 2224 sub
1025 2192 1133 2236 patris
1153 2200 1331 2237 potestate
1351 2201 1517 2226 manent:

96 2258 169 2281 non
189 2259 295 2293 posse
322 2258 443 2284 autem
470 2262 533 2295 pro
562 2251 652 2292 filiis,
682 2252 738 2296 qui
768 2251 837 2284 iani
866 2251 1078 2296 emancipati
1107 2252 1359 2297 sunt2quippe
1379 2252 1414 2285 lii
1434 2264 1515 2297 pro-

96 2307 179 2352 priis
195 2307 327 2342 iuribus
354 2308 458 2354 plene
474 2319 655 2352 ornantur,
677 2322 715 2344 ac
735 2310 885 2355 proinde
904 2310 949 2343 ob
966 2309 1097 2344 sactum
1114 2310 1257 2344 alterius
1277 2311 1351 2345 iure
1369 2323 1512 2345 succes-

97 2365 219 2407 sionis,
238 2367 334 2411 quod
359 2379 443 2401 vere
470 2368 665 2413 possident,
693 2368 837 2413 spoliari
865 2378 1060 2414 nequeunt.
1088 2383 1102 2400 >a

190 2425 241 2462 (2)
270 2426 308 2459 In
338 2436 366 2460 2.
400 2436 426 2460 ν.
454 2438 484 2471 q.
517 2437 593 2460 τοι.
622 2439 651 2460 ιι.
685 2438 710 2461 i.
739 2427 828 2459 Vide
858 2438 972 2471 super.
1000 2439 1078 2472 pag.
1109 2439 1182 2468 ¹31-
