1705 2787
787 93 835 96 ‚s
874 80 957 121 294
994 91 1044 96 „-

302 176 393 216 182.
430 174 801 215 Drmoxsruimo.
838 171 866 213 Ι.
893 172 1056 212 Praeter
1077 178 1303 227 potestatem
1327 170 1552 228 legiferam,
1576 171 1621 214 de

206 261 282 303 ‘lm'
308 243 704 299 diximum,principi
723 241 834 284 civili
852 243 1029 298 compelli
1055 243 1172 284 etiam
1189 249 1363 298 poteslas
1386 242 1621 286 iudiciaria.

206 343 257 347 —-
297 315 422 358 Ratio
457 326 521 354 est
555 312 626 354 illa
660 313 901 367 generalis:
946 313 989 354 in
1027 311 1251 369 republica
1285 314 1439 370 nequit
1474 311 1622 356 deesse

208 399 400 445 potestas
437 385 682 427 necessaria
728 383 778 426 ad
822 399 947 430 suam
993 385 1379 426 conservationem
1424 396 1465 426 et
1505 399 1624 426 com-

209 475 343 502 muue
381 457 564 499 bonum.

298 532 358 572 Ac
400 529 475 587 1.⁰)
522 528 707 585 principi
754 529 966 584 competit
1002 541 1195 585 potestas
1230 528 1446 571 iudicialis
1480 528 1625 587 quoad

211 604 402 660 priorem
430 601 560 642 huius
596 600 702 642 iuris
728 598 1019 654 functionem,
1045 600 1069 641 i.
1096 616 1131 641 e.
1157 611 1349 656 potestas
1375 598 1626 656 proferendi

212 673 369 717 iudicia
405 671 559 714 civilia.

307 746 420 787 Ilaec
447 744 565 785 enim
592 754 785 799 potestas
812 754 875 783 est
910 743 1154 784 necessaria
1188 742 1239 784 ad
1274 742 1483 784 socialem
1508 742 1627 785 illam

212 816 595 874 tranquillitatem,
619 816 884 872 plenamque
909 815 1020 856 vitae
1045 812 1370 869 sufficientiam,
1395 829 1505 871 quae
1526 813 1626 857 finis

212 900 315 931 sunt
350 887 487 929 civilis
523 887 753 940 consortii,
799 898 839 927 et
875 900 982 942 quas
1018 883 1203 941 proinde
1252 885 1455 941 princeps
1490 884 1627 928 civilis

213 975 261 1001 ex
297 972 481 999 munere
517 955 599 998 sibi
632 971 651 997 a
678 968 832 997 natura
856 956 1098 997 commisso
1124 953 1251 996 debet
1275 955 1398 996 omni
1425 970 1507 1012 ope
1531 970 1629 1012 pro-

213 1044 379 1072 curare.
416 1029 533 1084 Ergo
568 1029 680 1069 sicut
715 1028 902 1084 principi
926 1025 1022 1068 data
1047 1037 1111 1068 est
1146 1037 1338 1082 potestas
1364 1024 1553 1082 legifera,
1578 1040 1629 1067 eo

214 1099 333 1157 quod
368 1115 388 1141 a
424 1098 511 1141 fine
545 1100 731 1141 civitatis
766 1099 957 1154 exigitur
992 1097 1088 1155 (1);
1124 1098 1180 1139 ita
1205 1098 1337 1139 etiam
1363 1096 1457 1140 data
1494 1109 1557 1140 est
1592 1098 1628 1140 ei

214 1182 405 1228 potestas
440 1170 668 1213 iudicialis.

303 1242 521 1285 Probatur
556 1241 833 1285 antecedens.
870 1243 950 1284 Fac
986 1241 1229 1298 principem
1254 1241 1426 1283 civilem
1450 1239 1529 1283 hac
1554 1256 1630 1297 po-

216 1325 372 1355 testate
407 1328 566 1354 carere.
602 1313 748 1355 Nemo
774 1313 910 1367 igitur
936 1323 1064 1367 esset,
1089 1312 1163 1368 qui
1189 1322 1359 1352 exortas
1385 1309 1436 1352 de
1459 1310 1630 1354 iuribus

215 1385 311 1427 lites
346 1400 420 1426 seu
458 1384 780 1426 controversias
816 1382 1040 1425 definitive
1075 1380 1314 1423 dirimeret.
1341 1407 1392 1411 —
1418 1379 1501 1423 Sed
1524 1392 1631 1423 tunc

216 1457 262 1514 x)
297 1455 404 1499 dum
439 1456 628 1513 quisque
663 1471 713 1497 ex
747 1453 1119 1497 contendentibus
1154 1454 1219 1496 ius
1245 1468 1377 1496 suum
1412 1453 1633 1496 existimat

216 1543 308 1570 esse
342 1526 526 1569 validius
561 1539 601 1569 et
635 1542 714 1583 pro
748 1525 914 1568 viribus
941 1524 1148 1580 defendit,
1173 1526 1410 1567 existerent
1434 1525 1632 1567 intermi-

216 1599 381 1642 nabiles
426 1599 723 1642 dissensiones
773 1600 886 1641 inter
937 1598 1067 1652 cives,
1116 1597 1332 1639 maximae
1377 1597 1633 1638 animorum

217 1670 474 1727 discordiae,
509 1672 709 1728 perpetui
755 1669 1004 1712 conflictus.
1054 1669 1205 1725 Itaque
1239 1680 1387 1710 actum
1437 1666 1548 1709 foret
1583 1665 1634 1709 de

217 1743 364 1800 quiete
399 1757 445 1784 ac
480 1741 800 1798 tranquillitate
850 1739 1014 1782 sociali.
1051 1765 1103 1770 -
1139 1740 1369 1781 Praeterea
1402 1737 1447 1796 β)
1483 1752 1632 1794 opera-

217 1815 359 1856 tiones
395 1813 559 1856 multae
595 1813 760 1856 civium
795 1826 921 1868 saepe
956 1822 1236 1853 remanerent
1270 1824 1530 1866 suspensae:
1570 1809 1635 1850 in-

218 1897 338 1927 certo
362 1883 581 1941 siquidem
606 1895 813 1925 manente
838 1883 931 1925 iure
950 1897 1025 1924 seu
1050 1893 1267 1938 potestate
1292 1878 1517 1936 operandi,
1542 1878 1636 1936 plu-

220 1970 285 1996 res
310 1954 361 1996 ab
386 1953 556 2009 agendo
577 1953 864 2009 abstinerent,
890 1952 1035 2009 plures
1056 1952 1274 1994 actionem
1295 1951 1474 1993 alterius
1500 1950 1636 2006 impe-

219 2024 374 2067 dirent.
402 2024 536 2077 Quod
572 2040 675 2067 sane
710 2025 952 2081 opponitur
986 2023 1293 2065 consecutioni
1317 2022 1433 2064 illius
1457 2036 1636 2078 prospe-

218 2097 357 2138 ritatis
396 2111 441 2137 ac
478 2095 694 2152 perfectae
729 2097 842 2138 vitae
893 2094 1194 2149 sufficientiae,
1244 2108 1354 2150 quae
1395 2104 1459 2134 est
1502 2092 1634 2134 altera

219 2181 316 2222 pars
355 2165 459 2207 boni
498 2183 547 2208 ex
584 2166 761 2222 politica
797 2165 1127 2207 consociatione
1161 2163 1319 2205 intenti
1353 2162 1439 2220 (2).

298 2389 353 2429 (ι)
380 2386 471 2419 'Vide
500 2398 614 2430 super.
643 2386 733 2420 thes.
762 2386 919 2419 LXVIII.
948 2398 1026 2430 pag.
1057 2384 1132 2426 264.
1164 2384 1219 2417 Cs.
1249 2385 1356 2418 etiam
1377 2395 1457 2429 pag.
1492 2383 1568 2416 281.

295 2454 343 2489 12)
373 2446 423 2479 Ita
455 2446 665 2490 'I‘ougiorgi7
695 2445 773 2479 Iitl‘.
802 2457 898 2478 num.
934 2454 1003 2487 rot.
