1705 2787
693 65 923 121 ..35-

100 174 350 232 lioremque
383 170 541 229 reddit,
565 172 810 231 opponitur
833 170 1119 215 convenienti
1141 172 1276 214 statui
1309 172 1522 229 coniugii.

101 245 200 288 Hoc
233 255 383 287 autem
418 242 553 286 efficit
586 258 780 286 uxorum
814 241 1056 300 pluralitas:
1092 257 1219 286 amor
1253 241 1421 287 divisus
1456 244 1522 286 in-

100 328 166 359 ter
201 315 350 373 plures
375 314 586 358 mulieres
606 327 671 357 est
696 313 895 372 profecto
919 315 1068 357 minor
1088 329 1135 356 ac
1159 313 1346 357 debilior
1371 330 1523 359 amore

100 387 304 430 restricto
337 384 390 429 ad
424 401 560 428 unam
595 397 771 428 tantum
806 400 1007 428 uxorem.
1033 412 1086 416 —
1116 386 1213 428 Hoc
1247 401 1383 443 porro
1417 384 1522 429 desi-

99 458 243 500 ciente
276 457 455 499 intenso
489 455 712 513 plenoque
746 471 912 512 amore,
937 471 1112 499 necnon
1142 467 1309 499 attenta
1332 457 1523 501 naturali

103 528 348 571 mulierum
383 527 619 585 zelotypia,
655 526 749 569 fieri
784 542 875 570 non
910 539 1075 584 posset,
1124 540 1172 570 ut
1221 527 1521 571 dissensiones

102 601 343 643 continuae
367 615 459 642 non
483 599 785 642 exorirentur:
812 598 928 642 unde
949 615 1040 642 non
1060 611 1272 642 mutuum
1296 599 1522 655 solatium,

100 670 175 714 sed
210 669 555 713 amaritudinem
574 681 779 712 mutuam
805 671 1018 727 coniuges
1043 669 1125 713 sibi
1149 669 1356 714 afferrent
1375 670 1520 729 (1).-

100 744 217 785 Hinc
250 743 296 785 in
330 742 405 785 tali
439 741 617 798 familia,
653 753 719 784 tot
744 742 905 798 agitata
934 741 1241 799 scissionibus,
1267 755 1334 785 tot
1358 743 1523 801 repleta

99 813 306 870 dissidiis,
339 815 432 871 ipsa
466 813 605 871 prolis
640 812 844 856 educatio
878 815 922 856 in
959 813 1216 857 discrimine
1255 826 1522 871 versaretur,

100 902 245 945 neque
279 887 323 929 in
358 886 644 929 convenienti
677 884 815 942 gradu
862 898 1012 943 posset
1057 885 1264 929 obtineri.
1299 914 1353 919 —-
1394 888 1522 940 Quae

100 957 251 1000 omnia
289 955 569 1000 demonstrat
602 956 886 1014 experientia.
923 955 1207 1014 Ubicumque
1242 958 1363 1000 enim
1397 957 1523 1016 poly-

100 1029 245 1086 gamia
279 1029 412 1085 viget,
447 1027 508 1071 ibi
542 1029 813 1072 conveniens
850 1027 1048 1071 filiorum
1083 1028 1287 1073 educatio
1322 1045 1414 1073 non
1448 1029 1523 1072 ha-

101 1099 242 1156 betur,
276 1098 337 1142 ibi
372 1114 452 1157 pax
487 1098 623 1156 deest,
659 1098 719 1142 ibi
754 1115 914 1142 uxores
964 1111 1194 1157 tamquam
1244 1100 1433 1144 famulae
1478 1113 1520 1144 et

98 1186 262 1226 servae,
298 1185 391 1213 non
425 1183 575 1213 autem
610 1182 839 1228 tamquam
865 1172 1029 1214 amicae
1053 1184 1094 1214 et
1118 1172 1262 1214 sociae
1286 1170 1521 1215 habentur.

100 1269 153 1274 ——
188 1243 341 1300 Itaque
376 1257 570 1285 uxorum
605 1242 833 1300 pluralitas
859 1243 1102 1300 opponitur
1130 1244 1414 1286 convenienti
1437 1255 1523 1286 sta-

98 1314 164 1357 tui
197 1329 273 1357 seu
309 1329 534 1371 congruae
568 1313 830 1371 perfectioni
878 1315 1170 1357 matrimonii.
1220 1316 1359 1373 Atqui
1402 1313 1522 1373 quod

98 1388 157 1429 ita
191 1402 236 1428 se
271 1385 416 1442 habet,
451 1385 494 1429 id
529 1385 796 1443 prohibetur
840 1402 862 1428 a
913 1386 1007 1443 lege
1052 1398 1250 1442 naturae,
1285 1402 1395 1444 quae
1430 1402 1521 1429 non

98 1457 236 1501 modo
269 1457 364 1501 vult
398 1458 661 1514 coniugium
696 1473 805 1514 esse,
826 1456 901 1500 sed
936 1458 1068 1500 etiam
1102 1457 1198 1501 vult
1229 1459 1376 1515 ipsum
1413 1457 1522 1500 bene

99 1529 508 1586 convenienterque
542 1543 652 1570 esse.
686 1528 805 1585 Ergo
842 1528 1096 1585 polygamia
1141 1527 1256 1585 (non
1289 1543 1426 1586 aeque
1460 1539 1522 1570 ta-

100 1616 203 1643 men
237 1615 284 1643 ac
319 1599 583 1658 polyandria
602 1598 690 1659 (2),
715 1600 760 1643 in
795 1615 880 1658 qua
905 1599 1071 1642 scilicet
1105 1601 1295 1643 essentia
1313 1601 1405 1657 ipsa
1430 1615 1521 1642 ma·

173 1824 219 1866 (1)
247 1822 341 1868 Apte
369 1822 595 1865 Heineccius‚
623 1822 666 1856 de
694 1822 768 1857 iure
796 1831 867 1856 nat.
896 1831 929 1855 et
968 1831 1064 1867 gent.
1091 1821 1113 1856 l.
1145 1832 1173 1855 2.
1208 1833 1235 1855 c.
1268 1832 1317 1855 2.·.
1352 1834 1367 1852 a
1396 1821 1521 1857 Plures

101 1883 207 1917 unius
234 1882 299 1916 viri
326 1893 454 1916 uxores
482 1882 626 1925 invidia,
656 1881 846 1928 zelotypia,
875 1881 1068 1915 aemulatio
1097 1890 1129 1915 et
1158 1881 1254 1915 mille
1283 1881 1372 1916 aliae
1392 1894 1522 1917 causae

101 1942 263 1989 quotidie
291 1941 476 1976 collidunt.
502 1942 578 1976 Iam
608 1942 704 1976 enim
732 1941 871 1976 mulieri
911 1941 1107 1976 venustiori
1142 1941 1353 1976 iuvenculae
1379 1941 1524 1976 foecun-

101 2002 189 2036 diori
218 2001 405 2047 magisque
434 2000 601 2034 amabili:
631 2001 704 2034 iam
731 2000 849 2046 plures
871 2012 992 2033 earum
1012 2000 1152 2042 marito,
1171 2012 1279 2034 unam
1298 2009 1357 2035 aut
1372 1999 1521 2035 alteram

100 2060 164 2094 sibi
194 2058 433 2105 praeferenti:
473 2058 545 2093 iam
586 2058 713 2092 eadem
754 2057 898 2092 alterius
939 2057 1065 2099 liberis,
1095 2058 1276 2093 erectioris
1304 2059 1437 2105 ingenii
1464 2059 1522 2094 vel

102 2120 192 2166 patri
220 2118 326 2165 paulo
354 2118 559 2161 carioribus,
585 2127 785 2152 succenset.
812 2132 827 2149 »

146 2177 203 2223 (1)
230 2179 264 2213 S.
293 2178 515 2223 Augustinus
543 2178 635 2212 inter
661 2186 798 2212 ceteras
822 2177 990 2219 rationes,
1019 2188 1105 2222 quas
1127 2177 1228 2212 affert
1245 2176 1265 2212 l.
1290 2189 1317 2222 3.
1338 2177 1382 2212 de
1409 2178 1521 2213 doctr.

102 2238 233 2272 Christ.
261 2249 335 2283 cap.
368 2248 418 2271 12.
447 2246 483 2272 et
508 2237 596 2271 libro
625 2237 668 2271 de
695 2237 791 2270 bono
819 2236 998 2280 coniugali
1018 2248 1093 2282 cap.
1125 2248 1186 2281 17.,
1207 2237 1250 2271 ad
1269 2237 1520 2284 polyandriam

104 2297 351 2340 refellendam,
380 2297 448 2332 hoc
477 2298 585 2331 etiam
613 2297 721 2331 utitur
749 2305 980 2341 argumento:
1014 2308 1086 2330 non
1113 2297 1161 2331 ita
1195 2308 1274 2331 esse
1300 2306 1424 2331 contra
1462 2309 1519 2332 ra-

99 2358 248 2399 tionem,
277 2357 304 2391 si
332 2369 422 2391 unus
449 2357 502 2390 vir
528 2356 645 2402 plures
673 2367 801 2389 uxores
830 2356 969 2397 habeat,
997 2356 1303 2401 quemadmodum
1323 2366 1375 2392 est
1394 2366 1519 2392 contra

101 2416 292 2458 rationem,
323 2416 350 2449 si
378 2427 448 2449 una
474 2414 602 2448 mulier
629 2413 760 2448 multos
794 2414 888 2447 viros
922 2413 1067 2448 habeat:
1095 2414 1176 2459 quia
1203 2426 1276 2448 non
1316 2424 1369 2449 est
1395 2424 1519 2450 contra

100 2474 290 2518 rationem,
321 2483 358 2510 ut
385 2486 475 2509 unus
504 2474 670 2509 dominus
698 2472 829 2507 multos
850 2485 972 2508 servos
992 2472 1131 2510 habeat,
1152 2473 1237 2508 duni
1258 2474 1302 2509 sit
1321 2482 1444 2509 contra
1461 2486 1517 2508 ra-

1450 2544 1470 2577 (ἐ
