1705 2787
881 83 959 123 Μ
1002 88 1049 98 ,,.

214 176 466 233 depositum
488 187 534 217 ut
560 189 706 217 suurn.
743 175 799 216 At
835 173 1037 217 debitum
1072 176 1286 232 largiendi
1309 179 1489 235 pauperi
1513 177 1624 222 elee-

216 261 450 304 mosynam
475 258 539 288 est
564 244 761 288 officium
798 260 906 302 pure
940 246 1132 289 morale:
1169 248 1371 304 quamvis
1404 249 1524 293 enim
1561 250 1630 292 {ex

219 322 418 376 imponat
464 316 588 361 diviti
632 316 954 373 obligationem
1000 317 1292 362 subveniendi
1337 320 1622 378 pauperibuS,

219 404 307 431 non
333 401 482 431 tamen
503 389 683 445 pauperi
719 387 890 431 confert
915 403 1071 431 verum
1097 390 1422 447 propriumque
1448 391 1516 433 ius
1543 393 1631 434 exi—

218 460 348 517 gendi
383 475 404 502 a
438 459 572 502 divite
606 461 856 516 pecuniam,
893 472 941 502 ut
976 475 1117 502 suam.

303 531 504 574 Iamvero
538 531 652 573 inter
687 529 829 573 officia
863 530 1046 573 iuridica
1080 544 1122 574 et
1168 547 1277 589 pure
1327 533 1511 576 moralia
1545 533 1628 576 hoc

215 604 483 646 discriminis
519 601 764 658 intercedit,
788 600 906 660 quod
933 603 980 657 is,
1006 604 1080 660 qui
1106 604 1264 660 prioris
1287 605 1463 660 generis
1487 603 1628 647 officia

217 691 305 717 non
341 675 511 732 implet,
545 673 703 717 inferat
737 675 963 729 iniuriam,
997 674 1132 717 violet
1166 676 1404 718 iustitiam:
1441 691 1531 719 non
1556 691 1630 718 au-

214 760 303 789 tem
338 748 387 801 is,
422 747 497 803 qui
531 745 713 789 alterius
733 747 906 802 generis
932 745 1073 788 officia
1098 761 1188 789 non
1214 759 1372 790 servat.
1396 747 1464 790 Sic
1492 748 1629 791 inius-

214 832 283 861 tus
303 829 500 872 vocatur,
525 817 601 874 qui
626 829 825 874 ternpore
850 815 999 859 debito
1024 832 1114 859 non
1141 818 1333 860 restituit
1357 816 1626 875 depositum:

214 888 433 946 siquidem
469 890 525 930 ita
560 903 605 930 se
639 903 797 944 gerens
831 900 873 931 et
896 888 1110 931 offensam
1136 888 1323 932 domino
1347 901 1388 931 et
1413 890 1623 933 iniuriam

214 960 358 1004 infert.
393 962 450 1002 At
484 959 618 1014 dives,
653 961 728 1018 qui
753 975 854 1003 cum
880 962 1020 1018 possit
1045 962 1205 1019 stipem
1229 961 1329 1005 dare
1353 977 1510 1019 egeno,
1530 978 1627 1006 eam

212 1032 413 1088 denegat,
447 1031 698 1074 inhumanus
733 1031 893 1075 dicitur
918 1033 984 1075 vel
1008 1047 1181 1088 avarus,
1207 1048 1297 1077 non
1322 1046 1471 1076 tamen
1497 1036 1627 1077 inius-

210 1114 293 1147 tus:
320 1118 558 1161 pauperem
584 1119 688 1146 sane
711 1103 886 1162 offendit,
912 1118 1002 1147 non
1031 1116 1179 1147 tamen
1204 1106 1360 1148 iniuria
1384 1104 1515 1149 afficit
1538 1105 1624 1164 (1):

212 1175 346 1217 violat
380 1173 560 1232 quidem
597 1174 754 1231 legem,
805 1183 894 1218 n'on
929 1187 1077 1218 tamen
1124 1176 1266 1233 legem
1302 1178 1510 1233 iustitiae,
1545 1176 1618 1220 sed

214 1247 356 1303 legem
388 1247 599 1291 caritatis,
635 1248 750 1289 Hinc
784 1247 870 1303 ille,
904 1249 979 1305 qui
1023 1247 1168 1290 officio
1214 1248 1401 1292 iuridico
1435 1249 1623 1292 adstrin-

212 1320 346 1375 gitur,
381 1331 527 1374 potest
560 1319 601 1360 vi
638 1319 852 1369 materiali
887 1334 962 1361 seu
989 1319 1167 1376 physica
1193 1319 1308 1376 adigi
1332 1319 1383 1363 ad
1408 1319 1624 1376 debitum,

213 1405 304 1447 quo
329 1402 507 1433 tenetur
532 1388 744 1447 quodque
769 1389 1002 1432 observare
1027 1402 1197 1445 renuat,
1223 1390 1525 1447 implendum:
1552 1392 1621 1434 ius

212 1464 330 1504 enim
363 1463 404 1504 vi
440 1461 576 1518 poilet
610 1462 804 1504 coactiva
838 1461 924 1519 (2).
961 1462 1096 1505 Secus
1122 1475 1270 1504 autem
1296 1462 1533 1506 dicendum
1560 1474 1625 1506 est

211 1535 262 1577 de
296 1550 364 1585 eo,
402 1535 478 1592 qui
502 1533 648 1577 officio
673 1549 780 1591 pure
806 1534 963 1577 morali
987 1533 1310 1590 adstringatur:
1337 1536 1482 1591 agitur
1507 1536 1625 1578 enirn

212 1607 262 1650 de
298 1623 342 1650 re
376 1622 451 1649 sna
485 1605 642 1661 danda,
676 1621 767 1648 non
802 1605 853 1648 de
889 1621 933 1649 re
967 1606 1101 1649 aliena
1135 1605 1368 1649 reddenda.

301 1679 432 1721 Hisce
451 1679 720 1735 praemissis,
739 1677 1059 1736 inquirendum
1085 1677 1212 1720 nobis
1233 1690 1315 1734 est,
1333 1690 1484 1721 utrum
1507 1693 1628 1735 prae-

211 1764 274 1793 ter
310 1749 450 1792 officia
486 1748 684 1803 iuridica,
717 1747 769 1791 de
804 1748 966 1806 quibus
1001 1750 1088 1791 iarn
1122 1750 1166 1792 in
1201 1748 1488 1806 praecedente
1515 1749 1627 1792 thesi
1665 1790 1668 1793 Α

211 1822 418 1876 diximus,
453 1832 594 1863 status
630 1819 786 1862 habeat
820 1821 952 1863 etiam
988 1820 1130 1863 officia
1164 1836 1272 1877 pure
1307 1819 1491 1864 moraiia
1525 1835 1628 1876 erga

211 1893 314 1936 alias
349 1906 517 1950 gentes.

281 2040 336 2084 (ι)
363 2041 426 2075 Est
453 2041 645 2075 discrimen
671 2042 763 2075 inter
790 2041 956 2075 iniuriam
985 2051 1018 2076 et
1040 2040 1212 2087 offensam.
1232 2040 1383 2075 Offensa
1410 2039 1513 2074 latius
1531 2047 1628 2085 patet

209 2109 314 2144 quam
342 2101 477 2134 iniuria.
506 2101 649 2134 Etenim
675 2101 802 2134 iniuria
831 2109 884 2134 est
910 2100 1022 2135 laesio
1050 2112 1112 2135 seu
1142 2101 1290 2135 violatio
1330 2101 1427 2135 iuris.
1470 2099 1622 2134 Offensa

208 2169 328 2193 autem
356 2170 408 2194 est
435 2161 480 2201 id,
508 2172 578 2205 quo
607 2159 732 2205 aliquis
760 2160 798 2194 fit
825 2160 1081 2194 rationabiliter
1108 2160 1244 2194 alienas
1273 2169 1307 2194 et
1334 2159 1510 2193 inimicus.
1538 2158 1616 2191 Hoc

210 2228 328 2252 autem
355 2221 564 2264 cantingere
591 2229 709 2265 potest
737 2221 845 2254 etiam
873 2220 948 2253 sine
976 2220 1134 2254 laesione
1174 2220 1257 2253 iuris
1284 2220 1426 2264 proprie
1462 2219 1556 2252 dicti.
1590 2217 1626 2253 Si

210 2290 238 2312 e.
267 2291 298 2323 g.
329 2279 444 2312 amico
473 2279 646 2324 flagitanti
676 2279 910 2313 eoznmodato
939 2289 1081 2324 equum,
1109 2289 1180 2323 quo
1223 2271 1263 2311 tu>
1288 2289 1408 2312 carere
1448 2277 1549 2312 facile
1577 2278 1619 2312 ad

209 2349 349 2383 tempus
377 2348 490 2383 poteS,
519 2338 576 2372 ille
604 2351 690 2372 vero
718 2338 821 2373 valde
848 2339 996 2384 indiget,
1037 2338 1186 2371 firmiter
1227 2338 1403 2382 denegas;
1443 2337 1622 2371 offensam

211 2399 240 2432 ei
269 2397 387 2440 infers,
415 2410 488 2432 non
515 2407 637 2433 tamen
664 2400 840 2441 iniuriam,
868 2399 949 2444 quia
976 2397 1112 2432 nullum
1141 2398 1215 2431 eius
1242 2398 1295 2431 ius
1323 2396 1444 2432 laedis.

281 2458 338 2500 (2)
367 2455 422 2491 Cf.
449 2456 520 2491 vol.
548 2457 591 2491 11.
619 2456 708 2491 thes.
739 2457 816 2490 vn.
846 2457 889 2490 de
916 2457 949 2489 vi
976 2456 1060 2490 iuris
1089 2456 1259 2491 coactiva.
