1705 2787
813 43 818 47 .
856 31 937 73 292
975 43 1025 51 v„

191 127 424 180 sententia,
459 124 559 180 quia
597 122 678 164 hoc
712 123 907 178 postulat
941 124 1150 179 aequitas.
1179 123 1293 177 Ergo
1319 123 1498 178 signum
1523 134 1603 179 est,

192 195 309 237 illam
346 194 487 249 legem
524 192 775 248 positivam,
824 207 934 249 quae
987 192 1220 234 constituit
1268 190 1468 234 medium
1503 191 1601 234 talis

189 267 379 314 virtutis,
414 264 573 307 habere
608 264 740 306 etiam
767 279 897 306 suum
923 263 1148 320 obligandi
1173 263 1376 306 effectum
1403 275 1603 320 respectu

191 338 326 393 ipsius
364 335 641 391 legislatoris,
677 335 722 392 33)
771 336 907 390 DeuS,
942 336 1017 392 qui
1052 347 1117 377 est
1166 334 1417 392 principalis
1452 346 1605 378 auctor

192 408 422 464 potestatis
458 406 739 462 legislativae,
784 406 903 448 illam
949 407 1136 463 principi
1190 405 1360 448 confert
1408 404 1491 448 sub
1526 404 1605 449 hac

194 479 472 522 restrictione
508 494 583 520 seu
620 477 891 533 conditione,
928 491 974 520 ut
1009 479 1090 520 etsi
1115 479 1156 520 iu
1182 478 1409 521 voluntate
1434 478 1526 520 eius
1551 480 1606 520 sit

193 551 332 605 legem
370 548 496 604 serre,
532 561 695 605 tamen,
730 550 762 590 si
800 547 978 604 seratur,
1015 548 1273 590 universalis
1298 549 1354 591 sit
1377 560 1419 590 et
1452 549 1600 605 ipsum

194 623 439 678 principem
474 620 837 677 comprehendat.
885 622 973 662 Hac
1008 632 1154 662 autem
1209 619 1290 662 sub
1339 619 1595 663 conditione

194 705 460 750 potestatem
496 691 615 734 illam
650 707 671 734 a
705 693 801 734 Deo
836 691 1041 747 conferri,
1076 692 1299 747 colligitur
1335 709 1386 735 ex
1420 692 1511 748 ipsa
1546 707 1609 734 ra-

196 766 317 807 tione
352 763 556 819 naturali,
590 762 755 820 absque
789 763 935 806 diviua
970 764 1238 806 revelatione
1272 764 1339 806 vel
1373 776 1500 820 pacto
1534 762 1613 806 hu-

198 850 355 878 mano:
392 834 616 890 colligitur
651 835 815 877 scilicet
851 850 900 876 ex
937 833 1040 876 boni
1091 835 1343 877 communis
1379 834 1612 890 exigentia,

197 922 247 949 ex
281 905 486 949 scandalo
520 906 715 957 vitando,
753 919 883 963 atque
908 922 959 948 ex
983 906 1067 948 illis
1092 906 1318 962 principiis
1342 905 1614 961 extrinsecis,

197 993 248 1020 ex
281 976 443 1034 quibus
466 977 538 1020 alii
558 978 619 1020 illi
637 990 854 1033 auctore-S,
889 989 936 1019 nt
972 976 1179 1032 diximus,
1204 976 1538 1033 obligationem,
1563 975 1614 1018 de

198 1064 283 1106 qua
317 1049 504 1105 agimUS,
524 1050 724 1106 proxime
759 1047 997 1091 deducunt.
1033 1049 1184 1100 Qnare
1220 1047 1323 1089 haec
1349 1048 1392 1089 in
1418 1048 1615 1104 principe

199 1119 414 1177 obligatio
449 1120 651 1163 servandi
685 1136 810 1163 suam
846 1120 988 1175 legem
1034 1132 1098 1161 est
1132 1119 1343 1161 naturalis
1378 1119 1422 1161 in
1457 1117 1614 1173 radice,

199 1192 399 1248 proxime
434 1206 539 1234 vero
574 1204 615 1233 et
649 1190 893 1234 formaliter
929 1202 993 1232 est
1027 1190 1215 1246 positiva
1249 1189 1467 1231 humana:
1503 1201 1544 1231 et
1570 1190 1614 1231 in

196 1278 247 1304 ea
281 1275 427 1319 potest
461 1278 536 1319 per
572 1263 801 1305 hominem
837 1262 1094 1318 dispensari,
1114 1263 1246 1303 etiam
1271 1273 1471 1318 respectu
1497 1261 1616 1318 prin-

200 1335 322 1391 cipiS.

320 1404 401 1463 2.⁰)
437 1405 598 1458 Quoad
632 1407 722 1448 vini
757 1408 999 1448 coactivam
1033 1406 1100 1447 lex
1134 1420 1223 1446 non
1259 1403 1424 1460 obligat
1457 1404 1618 1461 princi-

193 1491 318 1535 pem,
351 1478 440 1518 sive
476 1492 616 1534 poena
651 1478 706 1519 sit
739 1479 835 1534 ipso
870 1477 983 1520 facto
1020 1476 1116 1531 lata,
1151 1477 1240 1519 sive
1274 1474 1515 1518 inferenda.

290 1548 420 1591 Ratio
454 1564 560 1590 vero
596 1561 674 1604 est,
710 1550 813 1606 quia
856 1549 1025 1591 coactio
1061 1564 1111 1591 ex
1161 1549 1399 1590 intrinseca
1448 1547 1618 1589 ratione

203 1634 278 1660 sua
314 1619 524 1675 postulat,
561 1632 608 1662 ut
641 1619 692 1662 ab
728 1621 978 1662 extrinseco
1003 1621 1256 1676 proveniat:
1283 1634 1388 1675 ergo
1413 1619 1616 1675 princeps

204 1704 293 1731 non
329 1702 476 1746 potest
509 1705 667 1746 cogere
701 1692 910 1748 seipsum.
945 1693 1038 1736 Nec
1063 1704 1209 1749 potest
1234 1692 1333 1747 cogi
1357 1706 1378 1732 a
1402 1688 1589 1732 subditis
1611 1706 1618 1732 ι

205 1763 306 1818 quia
342 1762 490 1804 nullus
524 1761 706 1805 inferior
740 1777 886 1820 potest
920 1765 1136 1807 violentas
1172 1779 1328 1806 manus
1363 1763 1542 1804 iniicere
1576 1762 1621 1803 in
1678 1754 1681 1755 ⁷

206 1834 499 1890 superiorem.
534 1835 691 1891 Neque
726 1838 858 1878 etiam
895 1848 1038 1892 potest
1084 1837 1181 1892 cogi
1216 1835 1267 1877 ab
1302 1833 1495 1890 aequali:
1521 1834 1622 1891 quia

206 1903 400 1960 aequalis
436 1919 525 1945 non
562 1903 691 1946 habet
732 1904 1090 1948 iurisdictionem
1140 1907 1184 1947 in
1219 1905 1481 1962 principem.
1529 1905 1623 1948 Nec

207 1974 396 2031 denique
431 1987 574 2032 potest
609 1977 708 2032 cogi
743 1992 764 2018 a
798 1978 1049 2034 superiore:
1086 1978 1187 2034 quia
1221 1978 1393 2033 agimus
1428 1976 1480 2019 de
1504 1976 1622 2032 prin-

207 2045 315 2099 cipe,
349 2045 424 2101 qui
458 2046 735 2101 superiorem
771 2062 862 2089 non
898 2046 1042 2089 habet.

297 2116 413 2157 Haec
447 2128 595 2158 tamen
630 2117 819 2160 adverte.
856 2144 908 2149 —
945 2119 1168 2175 Princeps,
1213 2119 1414 2175 quamvis
1449 2133 1539 2160 non
1560 2118 1625 2160 in-

208 2199 355 2228 currat
390 2200 561 2230 reatum
580 2204 748 2245 poenae
771 2202 959 2232 statutae
983 2205 1005 2231 a
1029 2205 1106 2232 sua
1130 2190 1238 2245 lege,
1264 2201 1411 2231 tamen
1437 2189 1626 2231 incurrit

210 2270 380 2300 reatum
430 2274 597 2315 poenae
630 2275 651 2301 a
683 2261 780 2302 Deo
814 2272 1015 2302 statutae.
1051 2287 1102 2290 —
1139 2261 1346 2316 Princeps
1396 2271 1542 2316 potest
1576 2274 1627 2301 ex

210 2343 288 2370 sua
324 2329 416 2383 lege
451 2331 565 2372 civili
615 2332 755 2373 teneri
789 2332 833 2374 in
883 2332 1153 2374 conscientia
1202 2330 1253 2373 acl
1303 2328 1622 2372 admittendam
