1705 2787
672 86 726 93 ....
766 75 845 120 147
881 87 933 95 .-.

94 181 181 227 tur,
205 166 303 213 talis
326 167 516 212 servitus
551 183 643 212 non
677 181 742 213 est
776 169 941 214 illicita.
976 168 1092 213 Illud
1127 167 1247 212 enim
1276 164 1517 221 obiectum,

93 255 254 298 nempe
286 238 548 282 facultatum
582 255 658 283 seu
694 242 859 284 virium
897 257 1020 298 usus,
1054 251 1122 283 est
1154 237 1295 282 venale
1330 237 1516 295 (quippe

92 311 212 371 quod
231 311 405 354 homini
438 325 461 354 a
493 312 590 353 Deo
614 312 658 354 in
684 314 1005 370 proprietatem
1042 311 1235 370 datum),
1250 326 1296 352 ac
1331 307 1516 367 proinde

91 399 171 427 nec
189 383 379 427 vetitum
413 394 479 425 est
502 381 708 425 exhibere
742 383 851 427 illud
877 400 952 427 seu
980 383 1186 438 vendere,
1212 397 1355 439 neque
1379 381 1515 422 etiam

91 466 316 512 acceptare
350 453 459 497 illud
498 469 575 497 seu
611 469 772 498 emere.
809 483 861 487 -—
897 457 1113 513 Apposite
1162 452 1385 511 Taparelli
1419 451 1516 510 (1):

93 545 112 568 «
149 526 244 569 Pu'o
278 525 317 568 la
350 526 516 568 servitu
550 525 656 569 dirsi
690 542 711 568 e
746 526 872 570 lecita
906 544 927 569 e
962 527 1122 570 illecita
1156 541 1231 583 per
1255 524 1429 568 natural
1453 522 1515 565 di-

93 597 214 651 ritto,
248 594 442 638 secondo
478 594 557 637 che
591 596 627 638 si
672 596 875 653 riguarda
927 613 1054 639 come
1105 606 1515 652 assoggettamento

93 683 142 710 or
175 666 286 710 delle
321 675 434 724 opere
469 681 520 709 or
556 665 789 709 dess'essere
824 683 1009 710 umano:
1047 670 1099 709 ne
1135 666 1350 709 debbonsi
1385 666 1518 707 cieca-

95 749 246 780 mente
280 748 542 779 ammettere
577 749 694 780 certe
730 737 1038 795 filantropiche
1072 737 1388 781 declamazioni
1414 751 1518 778 con-

95 823 165 854 tro
196 810 234 853 la
268 811 434 853 servitu
467 811 786 867 genericamente
806 810 1097 865 considerata,
1118 810 1154 852 le
1175 809 1291 867 quali
1311 807 1518 865 sogliono

97 881 259 939 partire
294 880 345 923 da
380 895 467 922 una
499 879 605 922 falsa
639 879 734 922 idea
768 879 809 923 di
844 880 966 923 dritti
1000 879 1270 923 inalienabili
1304 894 1325 921 a
1350 877 1519 933 liberta,

97 969 118 995 e
152 954 189 995 ci
224 951 586 995 condurrebbero
620 967 642 994 a
676 951 958 995 condannare
999 953 1036 994 la
1070 953 1235 994 servitu
1270 950 1408 993 anche
1443 950 1517 1006 piu

98 1036 268 1081 onesta,
318 1024 444 1082 quale
490 1039 582 1066 essa
626 1023 670 1066 fu
722 1024 792 1066 nei
842 1024 1111 1067 tabernae-oli
1155 1023 1224 1066 dei
1277 1021 1520 1065 patriarchi

98 1094 236 1137 anche
271 1094 345 1150 piu
380 1092 561 1148 antichi,
598 1092 648 1136 ed
683 1109 704 1135 a
740 1095 883 1150 privar
918 1094 960 1136 di
994 1093 1185 1136 sussidio
1220 1091 1519 1135 certiuomini

98 1163 410 1220 abbandonati,
444 1165 514 1206 cui
548 1154 667 1206 nulla
700 1165 775 1221 piu
810 1176 923 1206 resta
958 1164 1008 1207 da
1042 1163 1310 1219 veiidere73e
1331 1178 1421 1204 non
1442 1162 1520 1204 l'o-

100 1252 202 1294 pera
236 1236 346 1278 loro.
385 1253 404 1275 »
441 1236 504 1278 Ita
540 1234 719 1292 quidem
755 1251 821 1278 res
857 1252 900 1278 se
936 1235 1079 1278 habet.
1100 1235 1143 1277 Si
1168 1235 1413 1291 generatim
1433 1248 1521 1275 ser-

108 1308 224 1350 vitus
253 1307 400 1349 omnis
427 1305 596 1349 dicatur
620 1306 785 1363 illicita,
810 1306 939 1349 multi
966 1306 1171 1348 homines
1194 1306 1317 1348 omni
1342 1319 1524 1362 prorsus

108 1378 306 1423 subsidio
341 1378 541 1421 destituti
575 1378 836 1435 manebunt,
880 1379 1045 1421 scilicet
1079 1379 1108 1420 ii
1143 1393 1315 1433 omnes‚
1350 1377 1425 1434 qui
1460 1375 1521 1418 nil

102 1450 220 1494 aliud
255 1449 418 1493 habent
443 1449 562 1508 quod
581 1450 774 1494 vendant
793 1463 867 1493 aut
891 1450 1009 1505 dent,
1035 1466 1168 1508 quam
1189 1464 1369 1492 suarum
1390 1462 1521 1491 usum

101 1524 264 1566 virium
298 1521 367 1564 vel
398 1537 476 1564 sua
510 1537 656 1579 opera.
692 1523 768 1565 Est
801 1524 937 1579 igitur
972 1521 1194 1580 prohibita
1227 1522 1415 1564 servitus
1435 1519 1521 1574 illa,

102 1609 212 1652 quae
247 1594 461 1637 consistat
493 1595 537 1637 in
573 1593 849 1637 subiectione
884 1595 1020 1651 ipsius
1066 1609 1149 1636 0556
1192 1593 1363 1635 hnmani
1396 1591 1521 1634 alteri

103 1666 292 1721 homini,
325 1681 416 1708 non
450 1680 556 1708 vero
590 1665 676 1722 illa,
712 1681 822 1723 quae
845 1667 1057 1707 consistat
1080 1666 1123 1707 in
1149 1663 1424 1707 subiectione
1445 1677 1520 1704 seu

103 1737 470 1781 subordinatione
504 1745 670 1794 operum
705 1738 749 1779 in
786 1736 953 1780 bonum
991 1737 1184 1779 alterius.

192 1809 300 1851 Tria
333 1820 438 1851 sunt
472 1807 555 1850 hoc
591 1808 688 1851 loco
724 1807 1128 1851 animadvertenda.
1165 1834 1218 1838 ——
1243 1806 1287 1864 a)
1322 1806 1519 1849 Servitus

103 1891 250 1938 potest
283 1894 376 1921 esse
408 1881 656 1937 temporaria
690 1879 757 1922 vel
784 1887 992 1936 perpetua,
1030 1890 1163 1936 prout
1208 1878 1305 1935 quis
1340 1878 1383 1919 in
1419 1877 1523 1919 alte-

106 1953 195 1995 rius
229 1950 522 1994 commodum
565 1967 664 1994 suas
715 1953 995 2008 operationes
1041 1965 1241 1993 exercere
1295 1947 1422 1992 debet
1471 1947 1523 1991 ad

105 2036 280 2081 tempus
313 2023 382 2067 vel
415 2024 459 2066 in
496 2036 778 2080 perpetuum.
814 2024 926 2065 Sunt
961 2024 1035 2080 qui
1071 2024 1114 2065 in
1141 2023 1400 2080 perpetuitate
1433 2035 1522 2062 ser-

106 2095 258 2138 vitutis
293 2095 548 2137 existiment
582 2094 748 2152 aliquid
798 2094 1025 2137 inhonesti
1075 2095 1232 2136 inesse.
1282 2091 1329 2136 Id
1374 2103 1522 2134 autem

106 2163 280 2208 admitti
314 2166 482 2223 nequit.
519 2166 654 2208 Secus
691 2166 809 2207 enim
861 2166 1048 2207 servitus
1084 2165 1215 2207 etiam
1256 2162 1523 2221 temporaria

175 2350 231 2395 (1)
257 2351 395 2396 Sag-gio,
425 2363 497 2386 ecc.
526 2353 662 2386 dissert.
693 2353 769 2385 ΧἸΙ.
799 2363 872 2396 cap.
905 2363 931 2395 3.
961 2363 1046 2385 num
1094 2362 1192 2395 1511.
1220 2370 1261 2376 —
1303 2353 1406 2392 Quae
1451 2351 1525 2384 bre-

111 2409 202 2443 viter
228 2409 296 2444 hoc
324 2410 404 2444 loco
431 2411 537 2446 habet
565 2411 754 2457 Taparelli,
786 2420 1010 2458 exponuntur
1038 2410 1147 2445 fusius
1192 2411 1226 2445 in
1272 2410 1415 2457 ephem.
1446 2410 1526 2445 Cim.

111 2467 202 2502 Cart.
231 2480 296 2503 ser.
329 2470 389 2503 VI.
417 2469 486 2505 vol.
520 2482 548 2504 1.
