1705 2787
797 94 848 107 ·—-
887 78 968 118 206
1005 95 1056 108 -Λ

338 180 382 242 Ι»)
417 181 639 237 Secundo,
673 182 755 224 etsi
791 182 950 224 rationi
975 182 1294 239 congruentius
1319 179 1388 239 sit,
1419 194 1466 225 ut
1493 192 1635 227 mares

221 254 447 297 dumtaxat
468 256 560 296 iure
580 253 873 295 successionis
890 264 1122 308 ornentur,
1147 253 1333 295 exclusis
1353 252 1530 296 feminis
1549 253 1636 313 (1),

220 340 329 381 quae
364 336 479 365 certe
514 323 663 364 minus
698 334 821 378 aptae
856 333 960 364 sunt
994 321 1045 364 ad
1080 335 1225 379 partes
1276 323 1522 379 implendas
1556 325 1637 366 im-

220 395 342 450 perii,
377 406 417 434 et
450 392 646 434 maribus
681 392 722 434 vi
756 404 938 434 naturae
973 390 1252 445 subduntur3
1288 404 1437 435 tamen
1473 394 1538 436 ius
1562 408 1638 438 na-

220 477 342 505 turae
376 478 467 504 non
502 460 723 518 prohibet,
767 462 1009 518 quominus
1055 460 1244 504 feminae
1279 463 1411 505 etiam
1462 477 1638 506 summa

219 546 436 591 potestate
461 534 704 590 potiantur.
730 533 845 575 Nam
870 548 1059 589 persona
1094 532 1282 589 publica,
1306 545 1440 590 prout
1465 533 1639 591 publica

220 619 299 661 est,
339 621 359 647 a
395 621 499 647 sexu
550 603 778 659 abstrahit,
813 616 854 646 et
899 616 1076 646 tantum
1121 604 1408 661 capacitatem
1458 603 1640 662 regendi

221 674 559 719 multitudinem
596 675 796 732 requirit.
845 675 964 716 Haec
1013 686 1163 716 autem
1213 676 1426 731 capacitas
1460 676 1506 718 in
1540 687 1640 718 ente

222 750 392 791 ratione
427 746 626 804 praedito
660 749 804 799 inest;
839 748 929 789 sive
963 762 1055 788 mas
1091 748 1147 789 sit
1180 747 1270 789 sive
1294 746 1472 790 femina.
1497 748 1640 790 Potis-

222 822 387 862 simum
413 834 516 861 vero
541 818 760 861 eiusmodi
784 820 1004 860 successio
1029 817 1297 861 feminarum
1320 820 1639 863 inconveniens

222 892 306 935 dici
340 892 495 948 nequit
529 893 573 933 in
607 892 658 932 iis
678 889 955 946 gubernandi
978 890 1149 946 formis,
1174 891 1218 932 in
1244 890 1405 947 quibus
1430 906 1638 948 suprema

224 975 416 1020 potestas
441 976 531 1004 non
566 963 743 1018 proprie
776 960 891 1018 apud
925 962 1171 1017 principem
1206 961 1381 1017 residet,
1417 962 1491 1005 sed
1525 961 1640 1019 apud

223 1036 401 1077 comitia
436 1035 653 1091 quaedam
687 1034 920 1090 generalia,
945 1044 987 1074 et
1011 1033 1273 1075 adiumento
1298 1033 1496 1090 plurium
1521 1048 1640 1076 exer-

223 1119 360 1149 cetur.

341 1178 383 1235 c)
417 1176 570 1220 Tertia
606 1175 857 1220 observatio
891 1179 962 1232 sit,
997 1174 1183 1218 modum
1218 1176 1640 1234 transmittendipo-

225 1261 431 1291 testatem
454 1264 530 1306 per
554 1250 624 1291 ius
650 1246 1008 1302 haereditarium,
1031 1246 1155 1289 valde
1175 1260 1527 1290 consentaneum
1547 1263 1641 1290 esse

228 1322 345 1363 bono
379 1321 531 1363 sociali
564 1320 620 1362 ob
655 1319 947 1376 multiplicem
980 1319 1215 1361 rationem.
1240 1320 1355 1363 Nam
1380 1321 1538 1362 maiori
1557 1332 1642 1363 sta-

229 1394 394 1435 bilitate
428 1394 741 1434 auctoritatem
775 1390 999 1446 obfirmat,
1037 1390 1089 1432 ad
1124 1391 1216 1432 eius
1252 1392 1513 1434 exercitium
1547 1404 1642 1434 tan-

227 1477 379 1520 topere
414 1464 689 1515 necessaria3
724 1461 894 1504 aditum
919 1460 1163 1517 praecludit
1187 1461 1455 1504 tumultibus
1479 1477 1527 1504 ac
1545 1477 1642 1520 par-

227 1538 340 1578 tium
374 1535 548 1591 studiis,
582 1550 692 1592 quae
727 1535 983 1576 societatem
1018 1533 1069 1576 ad
1123 1546 1365 1576 extremam
1399 1536 1642 1592 perniciem

228 1607 443 1649 adducere
477 1610 650 1659 solent3
675 1607 878 1648 altiorem
904 1607 1197 1648 reverentiam
1222 1607 1411 1663 principi
1435 1607 1641 1651 conciliat

231 1691 409 1737 propter
454 1680 616 1721 avitam
659 1678 939 1720 nobilitatem
974 1690 1015 1719 et
1059 1678 1288 1733 sanguinis
1338 1678 1642 1734 splendorem3

230 1767 326 1795 tum
361 1753 453 1795 eius
498 1750 807 1793 educationem
840 1751 1159 1793 accuratiorem
1208 1749 1364 1806 reddit,
1407 1752 1643 1809 ipsumque

231 1824 549 1866 animosiorem
598 1838 644 1865 ac
679 1822 1009 1879 diligentiorem
1043 1821 1188 1879 quoad
1221 1823 1430 1866 socialem
1463 1822 1643 1866 felicita-

230 1909 320 1939 tem
338 1894 679 1953 procurandam,
704 1909 807 1936 cum
830 1893 914 1936 sibi
938 1907 979 1936 et
998 1895 1201 1952 propriae
1219 1893 1410 1937 familiae
1427 1907 1643 1953 perpetuo

231 1968 519 2010 coniunctam
552 1965 875 2023 rempublicam
909 1977 1187 2008 contueatur.

349 2037 401 2079 II.
450 2037 654 2080 successio
694 2045 768 2094 per
802 2036 1039 2079 electionem.
1075 2061 1127 2066 —-
1177 2034 1314 2088 Quod
1346 2037 1382 2078 si
1430 2036 1501 2079 hic
1544 2051 1643 2080 mos

233 2108 564 2152 transmittendi
597 2120 863 2166 potestatem
895 2109 992 2151 iure
1028 2107 1322 2150 haereditario
1355 2107 1518 2151 alicubi
1551 2123 1643 2152 non

232 2183 389 2238 vigeat,
424 2194 530 2224 tunc
563 2182 777 2224 electione
819 2195 929 2238 opus
973 2192 1051 2223 est,
1099 2181 1217 2222 Haec
1259 2192 1408 2223 autem
1442 2180 1643 2240 habetur,

305 2375 350 2413 (Ι)
378 2372 632 2406 Vetustissima
659 2381 712 2406 est
739 2371 795 2406 lex
821 2372 946 2415 Salica‚
982 2383 1072 2418 quae
1100 2373 1142 2407 ad
1181 2373 1446 2409 succedendum
1473 2369 1517 2408 ad
1543 2372 1646 2411 throe

233 2442 319 2466 nuni
346 2442 418 2465 non
446 2432 600 2466 admittit
625 2432 693 2466 nisi
721 2432 819 2467 solos
846 2433 942 2467 viros
969 2433 1167 2468 secundum
1181 2435 1485 2483 primogeniturae
1500 2435 1644 2483 lineam,

235 2491 383 2527 exclusis
412 2491 618 2526 mulieribus
646 2504 839 2540 earumque
859 2494 1169 2530 descendentibus.
