1705 2787
814 84 865 89 ..-
906 60 985 113 154
1021 83 1072 90 -..

239 165 281 206 τὲ
315 165 415 219 θῆλυ
450 174 588 208 :vorm
621 167 705 222 ἔχει
738 169 804 208 τὸν
838 167 996 221 τρόπον.
1033 164 1128 220 Vir,
1163 165 1221 208 ait
1255 165 1517 209 Aristoteles
1557 165 1646 226 (1),

235 253 408 294 semper
443 236 492 280 ad
529 237 739 279 feminam
775 238 833 279 ita
867 253 912 279 se
948 235 1090 279 habet.

325 310 417 365 148.
453 310 697 351 Senomoxt.
744 309 858 350 Hinc
893 321 1041 351 tamen
1085 307 1209 351 nullo
1252 309 1389 352 modo
1432 310 1649 367 sequitur,

233 380 466 423 mulierem
493 396 586 421 esse
611 380 690 421 viri
710 394 886 422 servam.
912 380 1069 437 Neque
1094 381 1212 422 enim
1237 381 1301 422 vir
1321 391 1468 437 potest
1492 380 1650 424 mulie—

235 468 327 495 rem
364 451 521 494 habere
547 467 626 509 pro
667 467 790 494 mero
825 451 1024 494 subsidio
1058 450 1109 494 ad
1158 453 1373 509 privatam
1409 453 1646 496 utilitatem

233 523 608 581 consequendam,
634 539 723 581 quo
759 523 870 566 redit
905 522 1103 566 conditio
1138 525 1280 571 serviz
1315 523 1389 566 sed
1423 523 1552 567 debet
1585 525 1649 567 vir

234 609 388 653 utpote
420 596 678 638 naturaliter
712 596 974 653 prudentior
999 608 1040 639 et
1065 596 1236 639 firmior
1261 596 1450 652 dirigere
1486 595 1645 639 mulie-

233 684 340 723 rem,
376 667 503 710 debet
537 669 717 710 suaviter
752 683 797 710 ac
822 676 1029 726 temperate
1054 667 1127 725 (ut
1162 680 1318 711 natura
1343 668 1477 711 huius
1511 669 1649 711 socie-

232 741 331 783 tatis
368 741 409 782 in
445 755 596 782 amore
631 739 810 782 fundata
845 740 1002 799 exigit)
1037 739 1262 797 impellere
1287 739 1337 782 ad
1362 739 1510 782 bonnm
1543 755 1648 782 com-

234 828 366 854 mune.
391 813 544 869 Itaque
570 811 730 854 mulier
765 824 828 854 est
863 812 958 854 viro
992 811 1153 854 subdita
1186 811 1274 870 (2),
1300 827 1390 854 non
1414 826 1536 854 serva
1561 810 1648 870 (3).

234 911 284 915 ——
311 882 456 926 Liberi
492 899 670 940 quoque
696 899 785 926 non
810 895 913 925 sunt
948 883 1076 931 servi,
1102 882 1174 925 sed
1199 881 1387 925 subditi:
1414 883 1448 925 si
1474 898 1558 940 qua
1583 894 1648 925 est

236 956 439 1004 servitus,
474 967 690 1011 parentes,
725 955 798 1012 qui
824 953 1019 997 filiorum
1057 953 1174 996 bono
1209 966 1440 1011 tantopere
1471 952 1645 996 adlabo-

233 1039 346 1082 rant,
372 1026 452 1069 dici
480 1026 639 1069 debent
665 1027 793 1077 servi,
819 1026 965 1082 potius
991 1041 1122 1082 quam
1149 1025 1241 1075 filii,
1271 1026 1343 1082 qui
1370 1025 1556 1068 assiduis
1576 1040 1647 1081 pa-

233 1088 408 1140 rentum
444 1098 559 1140 curis
586 1096 807 1139 fruuntur.
830 1097 950 1138 —In
977 1096 1026 1138 iis
1052 1112 1246 1153 quoque,
1272 1096 1345 1153 qui
1374 1094 1647 1138 advocantur

232 1168 282 1212 ad
308 1168 550 1212 domestica
575 1167 763 1210 familiae
790 1168 1049 1216 ministeria„
1073 1167 1106 1208 si
1134 1182 1281 1209 revera
1305 1165 1489 1208 evadant
1509 1182 1648 1209 mem-

236 1240 307 1283 bra
342 1240 530 1283 familiae
566 1252 606 1281 et
642 1239 693 1281 de
728 1238 959 1280 communi
995 1237 1179 1280 obtento
1215 1236 1332 1279 bono
1368 1238 1645 1294 participent,

234 1314 303 1355 vix
339 1313 559 1369 reperitur
594 1311 704 1353 ratio
737 1311 865 1365 servi,
902 1321 948 1351 ut
983 1309 1151 1351 dictum
1186 1320 1250 1350 est
1284 1308 1370 1366 (4)

324 1384 470 1426 Huius
505 1382 797 1436 auctoritatis,
832 1396 965 1438 quam
1000 1392 1158 1421 natura
1192 1378 1362 1421 confert
1397 1380 1506 1435 viro,
1541 1378 1642 1421 finis

235 1466 298 1497 est
334 1454 430 1497 hic:
467 1455 511 1497 in
547 1470 629 1496 usu
666 1452 928 1511 quotidiano
962 1450 1094 1493 talem
1129 1451 1173 1492 in
1208 1448 1418 1493 omnibus
1444 1449 1648 1493 ordinem

236 1683 347 1717 l'altra
376 1686 469 1717 metii
497 1683 589 1717 nelle
618 1682 855 1717 sollecitudiiii
886 1679 1141 1715 dell'allattare.
1181 1678 1257 1713 Ella
1297 1681 1314 1712 e
1351 1679 1504 1723 dunque,
1545 1689 1648 1712 come

236 1742 365 1784 donna,
396 1742 646 1775 natnralnwnfa
672 1743 729 1787 pili
758 1740 884 1774 debole
914 1739 1143 1784 all'operare:
1173 1738 1317 1783 dunque
1345 1736 1435 1771 dalla
1462 1744 1588 1770 natura
1629 1738 1646 1770 e

235 1802 409 1836 destinata
438 1801 495 1835 nel
523 1802 754 1836 matrimonio
783 1813 801 1834 a
829 1799 978 1845 qualche
1006 1798 1237 1843 dipendenza.
1264 1812 1279 1829 n

305 1861 360 1904 (Ι)
391 1861 471 1893 Loc.
498 1871 610 1904 nuper
637 1860 695 1894 cit.

305 1922 360 1962 (2)
390 1920 443 1953 De
471 1918 531 1952 illo
559 1919 649 1952 Gen.
679 1918 739 1951 III.
770 1916 820 1951 16.
850 1930 864 1946 «
893 1917 963 1951 Sub
991 1916 1053 1949 viri
1082 1923 1258 1961 potestate
1287 1916 1354 1949 eris
1376 1924 1409 1949 et
1427 1915 1502 1959 ipse
1531 1914 1649 1948 donii-

235 1979 374 2012 nubitur
400 1979 448 2012 tui
470 1991 484 2007 a
504 1978 546 2012 cf.
576 1977 751 2023 Zallinger
777 1978 923 2011 institut.
947 1977 1030 2010 iuris
1049 1985 1120 2010 nat.
1141 1976 1157 1992 '
1195 1986 1269 2020 175.
1292 1994 1334 2000 -—
1355 1974 1409 2008 Cf.
1430 1974 1453 2007 I.
1476 1974 1559 2008 Cor.
1590 1974 1648 2007 IX.

239 2051 254 2068 a
272 2039 387 2082 Caput
415 2038 573 2071 mulieris
601 2038 662 2071 vir.
678 2052 692 2069 »
712 2037 800 2071 Item
822 2036 949 2070 Esther
969 2048 1000 2069 c.
1015 2036 1038 2068 I.
1058 2047 1091 2069 v,
1113 2045 1164 2068 10.
1193 2045 1301 2079 seqq.‚
1317 2034 1374 2066 ubi
1396 2044 1514 2066 sermo
1533 2041 1586 2066 est
1605 2032 1647 2065 de

235 2098 351 2131 edicto
380 2097 538 2137 Assueffi,
569 2109 583 2126 α
612 2107 690 2130 esse
718 2096 813 2129 viros
842 2095 1017 2140 principes
1046 2105 1084 2128 ac
1113 2093 1266 2127 maiores
1287 2093 1321 2125 in
1341 2091 1505 2125 domibus
1524 2091 1607 2125 suis.
1632 2105 1647 2122 υ

305 2155 362 2200 (3)
388 2155 479 2188 Vide
507 2167 533 2188 s.
563 2155 756 2195 Thoniam,
789 2165 814 2187 1.
843 2165 874 2198 p.
902 2164 933 2198 q.
962 2163 1016 2199 92.
1045 2164 1074 2186 a.
1107 2163 1145 2195 3.,
1172 2151 1229 2184 ubi
1256 2150 1407 2195 loquens
1445 2149 1487 2183 de
1515 2149 1650 2183 forma-

234 2216 331 2249 tione
359 2214 517 2248 mulieris
545 2214 588 2247 de
617 2223 716 2247 costa
754 2214 829 2254 viri,
872 2225 886 2242 ι(
916 2211 1053 2254 Mulier,
1087 2211 1210 2256 inquit,
1238 2221 1310 2243 non
1337 2209 1441 2243 debet
1469 2208 1646 2242 dominari

233 2276 267 2308 in
295 2275 422 2315 virum,
451 2282 485 2307 et
511 2273 592 2306 ideo
620 2284 692 2305 non
722 2281 774 2306 est
801 2271 953 2305 formata
981 2271 1023 2304 de
1051 2271 1182 2315 capite:
1222 2280 1338 2314 neque
1382 2268 1486 2302 debet
1525 2279 1544 2301 a
1571 2268 1648 2301 viro

235 2334 379 2379 despici,
408 2343 590 2379 tamquam
617 2332 789 2365 sarz-iliter
816 2331 984 2372 subiecta,
1013 2338 1047 2364 et
1073 2329 1155 2363 ideo
1182 2340 1255 2362 non
1276 2336 1327 2362 est
1347 2327 1501 2362 formata
1520 2326 1564 2361 de
1582 2338 1646 2372 pe—

234 2393 346 2427 dibus.
372 2407 387 2424 υ

307 2450 362 2494 (4)
390 2449 481 2483 Vide
510 2460 625 2495 super.
653 2459 732 2494 pag.
764 2456 837 2489 149.
866 2457 964 2491 seqq⁴
