1705 2787
786 78 1043 124 *192*

207 175 377 234 quitur,
412 186 679 233 potestatem
716 175 938 232 publicam
970 190 1046 232 per
1070 190 1115 218 se
1138 176 1280 232 ipsam
1304 191 1396 219 non
1420 190 1514 219 esse
1536 174 1622 219 nisi

206 263 225 290 a
262 248 370 294 Deo,
414 264 432 287 »

298 319 410 360 Hinc
446 317 580 373 vides,
616 332 705 374 quo
740 332 871 360 sensu
899 317 1241 374 intelligendum
1265 319 1334 373 sit,
1355 329 1621 375 potestatem

208 404 463 447 supremam
501 389 746 445 politicam,
779 390 815 431 si
851 390 893 431 in
929 404 975 432 se
993 388 1316 445 consideratur,
1336 404 1429 432 esse
1460 390 1617 432 imme-

209 459 323 502 diate
359 458 411 500 ab
447 459 542 514 ipso
577 459 687 512 Deo,
721 473 813 513 seu,
847 458 966 516 quod
1011 458 1190 515 perinde
1234 470 1314 514 est,
1348 460 1494 502 Deum
1529 473 1622 501 esse

211 530 515 573 immediatam
550 544 728 572 causam
764 542 805 573 et
839 542 1068 573 auctorem
1103 531 1318 587 primatus
1343 530 1482 573 civilis
1505 530 1551 573 in
1576 545 1621 572 se

211 601 407 657 spectati.
442 600 546 643 Non
582 599 666 642 hoc
691 599 966 656 significatur
991 599 1323 656 tantummodo,
1346 600 1510 656 Deum,
1528 612 1623 643 tan-

211 686 346 729 quam
381 672 571 729 primam
607 686 785 714 causam
820 683 862 714 et
896 672 1208 728 universalem,
1257 670 1454 714 tribuere
1502 671 1622 714 illam

207 754 504 800 potestatem:
539 741 614 784 sed
649 741 732 784 hoc
766 754 988 799 praeterea
1024 741 1314 799 significatur,
1347 742 1495 785 Deum
1529 756 1623 784 esse

208 827 385 855 causam
436 813 701 869 proximam,
736 828 814 855 sua
858 812 1087 856 voluntate
1136 811 1441 855 conferentem
1490 812 1624 856 talem

206 895 503 941 potestatem:
540 898 630 925 non
664 882 844 941 quidem
878 895 1146 941 potestatem
1180 882 1326 926 dando
1349 899 1425 941 per
1459 884 1624 940 specia-

208 954 293 996 lem
328 955 552 997 actionem
589 954 657 997 vel
696 953 988 997 donationem
1022 969 1043 996 a
1078 955 1302 996 creatione
1351 952 1623 1010 distinctam,

206 1024 280 1068 sed
315 1040 411 1067 eam
447 1024 592 1068 dando
627 1038 674 1069 ut
708 1041 759 1068 ex
793 1038 947 1068 natura
984 1026 1045 1068 rei
1094 1026 1342 1068 necessario
1376 1040 1623 1068 connexam

206 1112 308 1139 cum
342 1109 501 1140 natura
544 1098 767 1140 societatis
817 1098 971 1154 civilis,
1005 1113 1139 1155 quam
1174 1099 1293 1141 Deus
1328 1099 1420 1155 ipse
1454 1097 1547 1141 vult
1581 1110 1623 1140 et

207 1167 373 1224 condit,
409 1183 485 1211 seu
519 1184 595 1226 per
629 1169 817 1213 modum
842 1170 1125 1227 proprietatis
1150 1170 1465 1227 consequentis
1493 1180 1623 1212 natu-

208 1230 404 1297 ram,‘eo
437 1239 575 1284 modo
610 1256 698 1298 quo
733 1239 878 1283 dando
911 1239 1104 1283 formam
1139 1239 1211 1283 dat
1234 1240 1551 1297 consequentia
1571 1239 1623 1282 ad

206 1310 395 1354 formam
430 1311 517 1369 (1).

276 1556 333 1601 (1)
360 1556 465 1598 Quae
491 1555 646 1590 breviter
672 1556 864 1597 innuimus,
894 1556 941 1590 sic
969 1554 1080 1590 fusius
1109 1568 1127 1589 a
1145 1555 1312 1589 Suaresio
1339 1554 1534 1597 traduntur,
1555 1553 1624 1590 def.

206 1615 289 1650 fidei
305 1615 326 1650 l.
343 1616 389 1649 ΙΙΙ
421 1628 449 1649 c.
467 1625 497 1649 2.
518 1627 614 1649 num.
632 1625 660 1649 2.
678 1626 787 1661 seqq:
817 1628 832 1645 a
849 1614 1041 1650 Declarate
1057 1625 1210 1661 oportet,
1229 1615 1312 1661 quid
1333 1616 1387 1657 sit,
1406 1623 1624 1660 potestatem

207 1676 360 1721 aliquam
390 1687 469 1709 esse
496 1675 708 1709 immediate
736 1688 755 1709 a
780 1676 871 1717 Deo,
902 1686 976 1717 seu,
1003 1676 1097 1721 quod
1134 1676 1281 1720 perinde
1309 1684 1372 1717 est,
1400 1675 1519 1709 Deum
1545 1685 1625 1708 esse

206 1735 452 1770 immediatam
479 1746 625 1769 causam
654 1744 688 1769 et
722 1743 905 1769 auctorem
938 1734 1084 1769 alicuius
1124 1735 1323 1781 potestatis.
1360 1733 1420 1777 1⁰.)
1459 1734 1624 1779 Inprimis

208 1796 304 1829 enirn
332 1795 534 1840 requiritur,
562 1804 599 1829 ut
625 1795 724 1828 Deus
752 1795 795 1828 sit
822 1805 929 1829 causa
955 1795 1127 1839 proxima,
1149 1807 1212 1829 sua
1229 1793 1415 1828 voluntate
1435 1792 1625 1828 conferens

206 1855 315 1889 talem
342 1864 574 1899 potestatem.
600 1855 684 1888 Non
705 1855 799 1888 enim
816 1855 900 1889 satis
929 1864 993 1897 est,
1014 1864 1051 1889 ut
1068 1856 1166 1889 Deus
1185 1864 1369 1899 tamquam
1386 1853 1500 1898 prima
1518 1865 1624 1888 causa

210 1922 242 1947 et
273 1913 483 1947 universalis
511 1922 728 1958 potestatem
755 1913 900 1947 tribuat:
933 1924 1018 1946 nam
1045 1912 1124 1947 licet
1152 1912 1212 1946 illo
1240 1913 1347 1946 etiam
1375 1912 1485 1945 modo
1510 1912 1625 1956 possit

208 1974 304 2006 Deus
334 1972 452 2018 aliquo
481 1973 591 2005 modo
621 1973 687 2005 dici
716 1972 923 2006 immediate
952 1972 1093 2006 efficere
1128 1972 1183 2006 vel
1211 1973 1356 2013 donare,
1384 1971 1553 2016 quidquid
1582 1971 1623 2004 ab

207 2033 284 2077 ipso
314 2042 531 2078 tamquama
559 2033 672 2077 prima
699 2043 806 2066 causa
833 2032 975 2077 pendet,
1003 2032 1077 2065 sive
1113 2032 1250 2065 ratione
1275 2031 1459 2076 proximae
1486 2030 1623 2065 virtutis

212 2092 287 2125 sive
313 2102 350 2126 ut
377 2092 625 2126 immediatum
653 2091 887 2136 suppositum,
923 2100 960 2126 ut
987 2090 1197 2135 Philosophi
1225 2090 1463 2135 distinguunt;
1490 2088 1623 2123 nihilo-

209 2151 326 2184 minus
354 2151 408 2185 liic
436 2151 566 2184 modus
594 2150 823 2185 immediatae
852 2150 1051 2184 effectionis
1078 2150 1114 2183 in
1139 2150 1317 2194 praesenti
1345 2160 1418 2182 non
1445 2149 1530 2184 satis
1558 2157 1622 2183 est.

208 2211 302 2252 Quia
329 2209 423 2244 nulla
451 2220 504 2244 est
531 2219 701 2254 potestas,
729 2220 820 2254 quae
846 2209 915 2243 hoc
943 2209 1052 2243 modo
1079 2221 1151 2243 non
1179 2210 1223 2243 sit
1252 2221 1269 2242 a
1296 2209 1387 2251 Deo,
1416 2218 1490 2243 uta
1509 2208 1622 2253 prima

208 2282 326 2309 causa,
353 2281 392 2303 ac
419 2269 569 2313 proinde
596 2269 804 2303 immediate
833 2269 868 2302 in
894 2268 955 2302 illo
975 2279 1125 2314 genere:
1145 2277 1249 2313 atque
1268 2269 1315 2302 ita
1333 2277 1493 2313 potestas
1514 2269 1622 2303 etiam

209 2330 290 2363 data
317 2328 525 2362 immediate
554 2328 595 2362 ab
622 2326 839 2369 hominibus,
868 2339 887 2361 a
914 2327 1014 2372 Rege
1032 2327 1087 2361 vel
1114 2327 1302 2369 Ponfifice,
1338 2327 1441 2361 datur
1467 2328 1576 2362 etiam
1603 2340 1622 2362 a

208 2388 288 2423 Deo
315 2398 350 2422 ut
377 2388 490 2432 prima
516 2399 623 2422 causa
660 2388 868 2422 immediate
906 2388 1079 2422 influente
1104 2388 1140 2422 in
1178 2387 1279 2422 illum
1319 2387 1499 2430 effectum,
1520 2398 1562 2424 ¹et
1586 2389 1623 2423 in

209 2457 329 2483 actum
354 2446 548 2481 voluntatis
575 2456 726 2489 creatae,
754 2458 816 2491 per
842 2458 949 2492 quam
975 2448 1136 2493 proxime
1163 2447 1326 2482 donatur.
1354 2449 1403 2482 At
1429 2459 1516 2488 vero
1542 2447 1622 2488 talis
