1705 2787
803 108 1062 147 ----2ο.”ὶ-·-ἱ

229 218 317 251 teni
352 219 438 251 tres
477 219 652 251 tantum
696 209 785 251 sint
833 208 1000 253 formae
1051 209 1243 268 simplicis
1288 206 1642 267 gubernationis,

226 292 414 337 possunt
439 292 586 323 tamen
606 281 720 323 inter
739 281 895 324 scillae
919 283 1044 340 quasi
1067 283 1339 340 permisceri,
1364 297 1415 324 ex
1433 296 1519 339 qua
1546 295 1640 338 per-

220 352 436 394 mixtione
470 363 661 408 quatuor
695 352 801 394 aliae
836 351 1004 396 formae
1038 354 1159 397 mixti
1193 354 1423 410 regiminis
1468 350 1637 409 produ-

225 434 393 466 centur.
430 423 527 464 Una
561 435 803 480 temperata
854 440 905 467 ex
953 424 1164 468 omnibus
1214 424 1369 467 tribus:
1415 425 1550 466 altera
1593 438 1646 466 ex

224 493 482 535 monarchia
518 506 560 536 et
593 495 881 538 aristocratia:
928 497 1056 539 tertia
1090 512 1142 539 ex
1174 495 1433 539 monarchia
1482 507 1525 538 et
1573 494 1644 537 de—

221 566 446 608 mocratia:
482 578 714 622 postrema
747 582 798 609 ex
835 566 1105 611 democratia
1139 580 1181 610 et
1205 567 1520 610 aristocratia.»

311 637 491 679 Brevius
527 635 692 680 formas
728 639 957 695 regiminis
992 651 1226 682 enumerat
1260 640 1423 681 Suarez
1448 637 1561 696 (1):‹(
1583 638 1643 681 Ut

221 718 286 749 est
310 707 491 750 moralis
526 706 727 751 doctrina
756 709 1036 767 philosophis
1071 710 1340 765 communis,
1375 708 1534 765 triplex
1559 723 1637 765 po-

220 789 305 820 test
339 793 432 820 esse
480 780 680 836 regimen
728 780 997 837 'reipublicae
1042 781 1278 837 humanae,
1332 780 1641 823 monarchicum

224 851 357 893 unius
382 852 594 909 principis
630 854 829 909 supremi
869 854 945 911 qui
978 855 1034 896 sit
1059 869 1147 897 una
1181 853 1417 909 singularis
1437 867 1641 909 persona,

221 922 547 965 aristocraticum
584 924 718 966 unius
752 926 951 981 supremi
985 925 1163 968 consilii
1197 940 1273 967 seu
1309 923 1543 967 tribunalis
1587 939 1639 966 ex

222 991 425 1049 pluribus
460 994 752 1051 optimatibus
788 997 942 1053 coacti,
977 1008 1019 1038 et
1052 996 1364 1038 democratiam
1396 1010 1472 1052 per
1497 995 1636 1037 totius

220 1064 375 1120 populi
407 1065 631 1122 suffragia:
666 1067 744 1124 qui
778 1079 865 1109 tres
901 1066 1024 1110 modi
1057 1067 1256 1125 simplices
1292 1078 1411 1120 sunt3
1456 1082 1508 1109 ex
1552 1066 1636 1108 illis

221 1146 372 1178 autem
405 1149 596 1193 possunt
632 1138 704 1180 alii
737 1140 963 1196 componi,
997 1140 1074 1197 qui
1108 1139 1177 1182 vel
1210 1138 1321 1181 duos
1357 1138 1540 1181 illorum
1572 1137 1642 1181 vel

223 1207 356 1249 etiam
409 1222 566 1250 omnes
615 1210 894 1267 participent,
929 1225 1040 1268 quae
1085 1209 1434 1267 gubernationes
1487 1211 1640 1253 mixtae

225 1278 370 1321 solent
403 1280 657 1337 appellari.»

314 1349 453 1391 Paulo
487 1350 611 1393 aliter
644 1352 705 1394 sic
727 1363 930 1394 auctores
955 1352 1073 1395 haud
1096 1354 1224 1410 pauci
1249 1353 1510 1410 loquuntur.
1536 1352 1640 1395 For-

225 1435 418 1479 marum,
451 1437 558 1480 quas
592 1425 793 1480 regimen
827 1425 951 1467 civile
986 1440 1211 1467 assumere
1245 1437 1405 1482 potest,
1431 1423 1559 1468 obvia
1577 1423 1639 1467 di-

226 1494 338 1536 visio
372 1506 436 1536 est
470 1495 515 1537 in
548 1496 829 1539 monarchiam
863 1508 906 1538 et
930 1496 1226 1555 polyarchiam.
1260 1497 1336 1540 Illa
1359 1508 1424 1539 est
1447 1508 1640 1554 potestas

226 1565 403 1622 politica
437 1565 633 1609 residens
668 1579 757 1609 tota
791 1570 834 1610 in
869 1567 1069 1610 subiecto
1093 1568 1273 1625 physice
1308 1582 1421 1610 uno:
1448 1568 1552 1610 haec
1577 1579 1641 1609 est

227 1647 420 1692 potestas
454 1637 632 1694 politica
667 1637 862 1681 residens
897 1639 941 1681 in
975 1637 1176 1681 subiecto
1201 1638 1379 1696 physice
1404 1638 1640 1694 multiplici

226 1719 268 1750 et
301 1708 450 1751 solum
483 1710 710 1752 moraliter
745 1724 852 1752 unO.
887 1709 980 1753 Nec
1014 1708 1142 1752 datur
1168 1711 1390 1753 medium:
1418 1708 1640 1767 siquidem

225 1781 339 1824 nihil
381 1793 445 1823 est
493 1781 694 1824 medium
727 1783 841 1824 inter
877 1797 1021 1825 unum
1055 1794 1097 1824 et
1130 1782 1272 1839 plura,
1304 1783 1418 1824 inter
1453 1781 1641 1838 simplex

225 1866 267 1897 et
300 1855 619 1911 eompositum.
653 1855 956 1912 Aristocratia,
990 1853 1258 1897 democratia
1280 1867 1321 1896 et
1340 1853 1510 1897 formae
1530 1854 1639 1896 mix-

226 1937 293 1969 tae
326 1937 432 1968 sunt
466 1924 653 1969 totidem
686 1926 967 1985 polyarchiae
1003 1924 1328 1969 subdivisiones
1353 1923 1440 1984 (2).
1465 1925 1551 1967 Pro
1576 1923 1639 1967 di-

297 2124 354 2169 (1)
380 2123 461 2159 Def.
488 2123 547 2158 fid.
575 2123 596 2157 l.
623 2124 684 2158 ΙΙΙ.
712 2135 740 2157 c.
769 2133 799 2158 2.
826 2123 882 2158 Cf.
909 2123 952 2157 de
979 2122 1047 2169 leg.
1074 2121 1095 2157 1.
1122 2123 1184 2156 ΙΙΙ,
1210 2134 1238 2157 c.
1265 2132 1297 2165 4.

300 2185 356 2229 (2)
383 2185 648 2229 Montesquieu‚
677 2185 781 2230 esprit
806 2184 860 2217 das
889 2183 951 2217 lois
978 2183 999 2218 l.
1025 2183 1069 2217 ΙΙ.
1096 2195 1125 2217 c.
1157 2194 1199 2225 1.‚
1229 2183 1287 2225 ait,
1306 2192 1377 2216 tres
1406 2190 1485 2216 esse
1512 2178 1642 2227 guber—-

230 2246 385 2279 nationis
413 2246 562 2290 species,
606 2245 878 2287 democratiam,
920 2245 1181 2286 monarchicam,
1221 2243 1435 2290 despotifflm.
1472 2253 1488 2272 «
1514 2242 1642 2276 Strana

229 2305 405 2339 divisione
431 2306 467 2338 in
495 2306 617 2348 verita,
644 2305 757 2350 inquit
786 2304 977 2351 Taparelli,
1003 2305 1120 2350 saggio
1150 2313 1214 2338 etc.
1237 2304 1356 2337 adnot.
1375 2302 1495 2345 LXV„
1523 2312 1591 2336 ove
1616 2299 1641 2334 il

228 2366 320 2411 virio
348 2365 382 2399 di
410 2376 570 2411 governo
596 2365 701 2400 viene
728 2375 949 2400 annoverato
977 2363 1028 2399 sra
1056 2364 1087 2398 le
1115 2374 1177 2398 sue
1205 2362 1329 2398 forme.
1357 2363 1402 2398 Se
1428 2373 1477 2397 un
1495 2370 1640 2397 natura-

229 2427 309 2462 lista
336 2428 488 2462 dovesse
515 2429 610 2462 darci
637 2439 706 2463 con
730 2429 805 2474 pari
821 2418 938 2474 logica
964 2428 996 2462 la
1023 2428 1243 2462 descrizione
1264 2427 1320 2461 del
1339 2439 1472 2473 genere
1494 2437 1637 2469 umano,

229 2488 259 2525 ci
287 2487 430 2523 direbbe
456 2488 521 2523 che
549 2497 640 2523 tutta
665 2487 698 2522 la
725 2487 844 2534 specie
872 2499 1004 2524 umana
1029 2487 1058 2523 si
1085 2487 1202 2523 divide
1239 2486 1273 2520 in
1300 2486 1436 2523 msachi
1465 2486 1637 2524 femmiue
