1705 2787
837 58 1096 112 -195-

267 178 349 205 suo
385 161 496 205 loco,
531 161 630 206 Tali
666 173 813 204 autem
839 160 934 204 iure
967 159 1176 217 admisso,
1211 161 1339 219 origo
1378 161 1514 219 ipsius
1549 162 1678 212 debet

267 250 370 277 sane
406 234 543 291 repeti
577 249 599 275 a
633 233 920 276 concessione
955 246 1046 274 non
1082 231 1319 276 hominurn
1353 231 1441 292 (Ι),
1475 236 1551 293 qui
1584 253 1674 282 non

260 306 422 349 habent
457 305 708 348 dominium
745 306 787 347 in
825 305 1050 361 propriam
1075 304 1210 347 vitam
1230 303 1388 361 (nemo
1408 318 1557 350 autem
1571 323 1676 352 con-

261 377 374 420 cedit
408 390 481 419 aut
518 375 589 419 dat
623 375 680 431 id,
715 374 835 434 quod
866 390 958 417 non
994 373 1162 433 habet),
1197 374 1271 418 sed
1306 376 1404 432 Dei,
1439 378 1515 434 qui
1548 379 1669 423 solus

258 463 322 493 est
356 449 566 493 dominus
600 448 713 490 vitae
749 447 959 489 hominis.
993 447 1090 503 Ipse
1115 458 1194 502 est,
1218 447 1293 503 qui
1317 462 1418 490 cum
1443 448 1510 490 ius
1529 449 1661 506 gladii

255 521 546 564 essentialiter
582 521 752 577 habeat,
786 537 838 564 eo
863 532 1003 564 armat
1022 520 1268 577 principem
1290 520 1464 564 civilem
1489 522 1533 565 in
1559 522 1666 582 legis

253 609 356 636 suae
391 593 575 636 tutelam
609 609 656 636 ac
680 592 935 637 vindictam.

341 666 453 708 Sunt
487 666 577 723 qui,
612 665 722 709 duce
757 665 903 708 Locke
926 663 1014 722 (2),
1048 662 1100 706 ad
1136 662 1267 706 huius
1293 665 1546 720 argumenti
1570 665 1660 709 vim

250 736 513 780 eludendam
548 749 766 793 asserunt,
802 735 1047 794 quemlibet
1102 734 1334 778 hominem
1378 736 1419 778 in
1454 743 1558 779 statu
1592 751 1666 780 na-

247 818 361 851 !m‘ae
394 807 657 851 ‹·.x·!›¹asoci‹zli
690 808 762 866 (3)
817 807 950 850 fuisse
986 819 1183 850 tutorem
1219 821 1265 848 ac
1300 804 1521 849 vindicem
1556 807 1663 866 legis

249 879 472 921 naturalis,
508 879 555 920 In
592 894 660 928 eo,
695 893 826 936 quem
864 878 944 934 ipsi
979 875 1261 933 confingunt,
1281 888 1396 920 statu
1424 879 1662 937 unicuique

246 951 540 992 commissum
575 962 681 1006 erat,
717 962 764 992 ut
797 949 1032 991 sceleratos
1057 949 1248 1005 puniret.
1269 949 1365 991 Hoc
1391 949 1500 1006 iure,
1524 967 1662 1008 quan-

245 1021 301 1065 do
337 1039 358 1064 e
392 1034 508 1065 statu
544 1022 732 1065 naturali
768 1020 901 1064 libere
951 1021 1126 1063 transiit
1169 1019 1220 1063 ad
1268 1032 1435 1065 statum
1469 1022 1658 1066 civilem.

244 1094 432 1151 quisque
466 1110 511 1135 se
545 1093 764 1151 spoliavit,
809 1093 1005 1150 illudque
1055 1092 1273 1135 concessit
1327 1095 1658 1137 communitatit

244 1166 318 1208 Nil
352 1180 458 1221 ergo
493 1166 674 1219 mirum,
698 1167 733 1208 si
768 1166 882 1208 inter
917 1165 1024 1219 iura,
1059 1179 1254 1222 quorum
1289 1179 1466 1208 summa
1486 1167 1650 1208 consti-

243 1238 327 1280 tuit
352 1239 594 1294 primatum
620 1236 868 1294 politicum,
904 1237 1121 1293 reperitur
1146 1252 1326 1293 quoque
1351 1236 1418 1279 ius
1443 1236 1653 1294 puniendi

242 1308 466 1364 scelestos,
502 1309 633 1352 etiam
670 1324 812 1366 poena
846 1309 1012 1365 capitiS.
1050 1308 1145 1350 Hoc
1185 1308 1251 1350 ius
1294 1323 1385 1350 non
1420 1319 1486 1350 est
1520 1308 1653 1365 expli-

240 1379 433 1423 candum
457 1393 531 1423 aut
557 1379 845 1438 repetendum
881 1396 932 1423 cx
966 1380 1164 1421 cessione
1188 1379 1296 1421 iuris
1321 1378 1441 1436 quod
1465 1380 1653 1437 quisque

240 1450 419 1495 haberet
454 1452 643 1495 insuam
663 1453 814 1507 vitam,
848 1450 922 1494 sed
957 1468 1008 1493 ex
1042 1451 1241 1493 cessione
1274 1450 1383 1493 iuris
1407 1449 1526 1508 quod
1551 1463 1651 1494 ante

238 1524 492 1566 societatem
531 1523 705 1566 civilem
739 1522 874 1566 libere
909 1522 1146 1565 conflatam
1182 1523 1369 1579 quisque
1394 1520 1580 1565 habebat
1603 1523 1647 1566 in

237 1595 397 1652 impios
423 1594 475 1637 ad
499 1610 574 1637 eos
594 1593 843 1652 puniendos
869 1593 920 1637 de
946 1594 1157 1637 naturalis
1182 1593 1289 1650 legis
1314 1592 1645 1638 violationibus.

236 1693 288 1698 —
324 1665 406 1709 Sed
442 1667 587 1723 primo
621 1665 802 1724 quidem
857 1666 1012 1723 nequit
1054 1664 1227 1708 admitti
1277 1677 1416 1708 status
1467 1677 1648 1709 naturae

234 1738 546 1781 exttasocialis:
583 1750 739 1780 natura
773 1739 892 1780 enim
927 1738 1033 1795 ipsa,
1060 1749 1106 1780 ut
1140 1736 1234 1780 fuse
1259 1736 1553 1793 ostendimus,
1576 1737 1647 1781 de-

303 1959 359 2003 (t)
387 1959 462 1993 Iam
489 1970 607 2004 super.
635 1971 713 2005 pag.
733 1957 787 2001 46.
807 1959 915 1992 verba
942 1957 1152 1992 adduximus
1171 1957 1378 1992 Beccariae:
1407 1970 1422 1987 α
1450 1957 1519 1992 Chi
1539 1959 1557 1992 'e
1575 1958 1646 1993 mai

231 2017 336 2059 colui,
364 2018 430 2052 che
459 2018 559 2052 abbia
585 2017 710 2052 voluto
737 2018 886 2053 lasciare
915 2018 957 2052 ad
985 2017 1061 2051 altri
1088 2017 1257 2051 l'arbitrio
1274 2017 1307 2050 di
1334 2017 1587 2052 ucciderlo?....
1617 2019 1645 2053 E

230 2089 268 2110 se
296 2078 352 2110 cio
380 2076 415 2111 su
436 2076 534 2118 fatto,
556 2089 660 2111 come
681 2078 708 2112 si
730 2078 881 2113 accorda
901 2089 947 2112 un
966 2075 1013 2111 tal
1031 2076 1204 2122 principio
1223 2074 1408 2118 coll'altro‚
1428 2075 1493 2110 che
1509 2075 1644 2111 l'uomo

232 2147 304 2169 non
332 2137 350 2169 ὲ
376 2135 536 2179 padrone
565 2136 796 2171 d'uccidersi?
824 2138 851 2171 E
880 2136 1018 2171 doveva
1046 2135 1192 2178 esserlo,
1219 2147 1256 2170 se
1283 2135 1330 2169 ha
1346 2144 1472 2180 potuto
1490 2135 1575 2170 dare
1593 2134 1644 2170 al-

230 2194 295 2229 trui
324 2203 451 2239 questo
479 2195 598 2229 diritto
627 2208 648 2230 o
676 2195 743 2230 alla
769 2196 905 2230 societii
931 2196 1058 2231 intera.
1084 2210 1099 2228 »
1140 2195 1231 2229 Hinc
1272 2195 1449 2237 Beccaria,
1477 2195 1535 2240 qui
1562 2206 1643 2229 cum

235 2253 380 2287 Hobbes
408 2262 443 2287 et
469 2254 656 2289 Rousseau
685 2263 806 2289 censet
834 2255 908 2290 iura
941 2255 1108 2300 principis
1147 2266 1226 2289 esse
1259 2266 1278 2289 a
1310 2253 1455 2299 populo,
1490 2254 1644 2301 denegat

226 2312 374 2357 principi
403 2312 495 2346 civili
531 2312 584 2347 ius
611 2313 729 2359 gladii.

295 2371 352 2415 (2)
378 2372 492 2418 Essay
519 2383 567 2406 on
593 2372 673 2406 civil
699 2383 948 2419 government‚
968 2375 1021 2410 ch.
1045 2387 1074 2410 1.

295 2430 352 2475 (3)
380 2430 432 2464 Cf.
462 2442 577 2476 super.
605 2432 695 2466 thes.
731 2434 837 2469 XLII.
