1705 2787
779 78 1035 128 *188*

197 202 272 248 per
307 187 554 233 cessionem
578 191 766 248 principi
801 204 874 234 aut
909 191 1222 234 communitati
1246 187 1404 234 factam
1428 188 1612 250 iurium,

197 263 358 320 quibus
402 263 612 320 pollent?
646 264 803 306 Fuitne
837 263 976 306 civilis
1013 262 1115 305 hacc
1140 264 1378 306 auctoritas
1402 265 1612 321 imposita

198 350 218 376 a
253 336 347 378 Deo
395 334 670 390 hominibus,
703 350 757 377 an
792 333 972 377 fuerunt
1006 334 1212 377 homines
1256 335 1353 392 ipsi,
1387 336 1463 393 qui
1496 351 1541 378 se
1562 336 1609 379 li-

200 405 303 448 bero
337 421 557 448 consensu
578 422 653 448 seu
690 417 817 463 pacto
851 407 889 448 ei
923 404 1266 449 submiserunt?

290 478 383 532 158.
418 478 791 521 DEMONSTRATIO.
828 478 886 520 Ut
921 478 1121 534 quaestio
1157 476 1260 519 haec
1280 476 1331 520 de
1355 479 1528 535 origine
1551 480 1610 522 ci-

195 548 290 590 vilis
326 550 541 605 primatus
576 561 692 591 recte
725 549 937 604 solvatur,
972 548 1186 605 distingui
1240 562 1440 592 accurate
1474 549 1603 593 debet

194 619 308 661 inter
343 620 574 677 politicum
600 621 841 677 primatum
867 618 1197 663 consideratum
1232 620 1454 663 secundum
1477 635 1517 664 se
1541 621 1610 665 vel

194 690 235 731 in
267 705 424 747 genere,
459 704 500 734 et
542 693 658 734 inter
708 691 941 749 politicum
985 692 1229 748 primatum
1278 691 1610 736 consideratum

193 762 233 803 in
267 772 446 806 concreto
480 764 547 806 vel
581 765 622 806 in
649 763 897 821 particulari
930 763 1017 822 (1).
1045 790 1097 795 —
1123 762 1445 808 Consideratur
1461 773 1536 822 per
1568 779 1608 807 se

191 848 267 876 seu
294 836 495 892 praecise,
529 834 707 892 quando
756 847 978 892 spectatur
1024 846 1217 891 potestas
1273 835 1365 892 ipsa
1398 850 1607 892 suprema

192 922 267 949 seu
304 907 450 962 ipsum
484 921 746 962 supremum
780 907 847 948 ius
882 905 1117 948 ordinandi
1151 917 1283 963 atque
1308 905 1489 962 regendi
1504 907 1607 949 civi-

193 979 289 1021 liter
314 975 650 1034 rempublicam,
675 992 750 1034 per
775 976 891 1033 leges
926 976 1085 1019 iudicia
1106 991 1284 1033 poenaS,
1309 976 1606 1021 abstrahendo

190 1066 213 1092 a
246 1050 537 1093 determinata
572 1050 802 1106 regiminis
856 1047 1012 1104 forma,
1064 1049 1154 1091 sive
1189 1049 1395 1105 simplici,
1429 1064 1608 1093 monar-

190 1120 312 1163 chica
345 1121 643 1163 aristocratica
677 1118 985 1175 democratica,
1019 1121 1109 1162 sive
1143 1136 1194 1163 ex
1228 1120 1294 1162 his
1330 1119 1607 1178 simplicibus

191 1192 341 1246 mixta,
375 1190 457 1233 sub
491 1205 576 1248 qua
610 1191 653 1232 in
689 1201 897 1232 concreto
932 1191 1092 1246 existit,
1118 1191 1315 1248 itemque
1349 1206 1370 1233 a
1405 1190 1607 1234 subiecto

189 1262 256 1305 vel
280 1277 468 1319 persona
501 1262 571 1304 illa
593 1262 860 1319 particulari,
895 1262 939 1304 in
965 1277 1048 1319 qua
1072 1277 1094 1304 a
1119 1274 1239 1319 parte
1266 1263 1327 1304 rei
1352 1262 1527 1306 residet.
1553 1289 1605 1294 —-

190 1333 510 1377 Consideratur
544 1335 585 1376 in
612 1332 861 1390 particulari
894 1349 969 1376 seu
1006 1334 1047 1375 in
1082 1342 1277 1389 concreto,
1312 1333 1489 1391 quando
1512 1349 1608 1391 spe-

189 1416 330 1447 ctatur
365 1402 615 1446 subiectum
652 1405 797 1460 ipsum
832 1418 907 1445 seu
944 1404 1036 1460 ipsa
1071 1418 1273 1460 persona,
1307 1404 1398 1446 sive
1427 1403 1606 1461 physica

187 1478 277 1519 sive
315 1475 511 1531 moralis,
567 1491 677 1533 quae
732 1490 987 1532 supremam
1043 1475 1354 1524 auctoritatem
1389 1475 1599 1532 possidet,

189 1563 362 1590 necnon
400 1546 539 1590 forma
576 1548 680 1604 ipsa,
704 1562 788 1603 qua
823 1548 1061 1589 auctoritas
1097 1547 1167 1589 illa
1203 1546 1468 1604 possidetur.

280 1620 394 1662 Hinc
428 1620 629 1676 quaestio
664 1618 714 1660 de
750 1619 922 1675 origine
948 1618 1115 1675 politici
1141 1619 1412 1675 principatus
1438 1631 1501 1661 est
1524 1618 1603 1662 du-

188 1692 300 1749 plex,
332 1690 534 1748 generalis
569 1690 718 1745 altera,
753 1690 886 1732 altera
914 1689 1182 1747 particularis
1203 1689 1288 1748 (2).
1311 1716 1363 1721 —
1384 1690 1602 1743 Quaestio
1638 1709 1644 1713 ·

256 1898 312 1943 (1)
342 1911 356 1927 «
374 1898 604 1932 Considerari
633 1907 751 1943 potest
766 1898 854 1932 haec
882 1906 1043 1943 potestas
1059 1897 1115 1931 vel
1129 1898 1280 1942 praccise
1298 1907 1331 1932 et
1352 1897 1530 1938 abstracta,
1547 1897 1606 1932 vel

186 1957 228 1990 acl
256 1962 379 1991 certum
407 1958 543 2002 speciem
568 1957 731 2002 politicae
756 1957 1018 2002 gnlwrnutionii‘
1046 1956 1270 1989 determimzta
1301 1983 1449 1990 .....
1478 1957 1603 1991 Potest

186 2017 349 2061 politicus
376 2018 593 2062 principatus
633 2017 688 2050 vel
716 2028 778 2062 per
805 2028 842 2050 se
870 2025 905 2051 et
930 2016 1089 2061 praecise
1118 2015 1348 2057 considerari,
1378 2024 1413 2050 ut
1440 2025 1601 2060 potestas

187 2076 362 2121 quaedam
402 2077 548 2121 regendi
587 2075 738 2110 civiliter
764 2075 1032 2120 rempublicam,
1073 2074 1314 2109 abstrahendo
1355 2075 1397 2108 ab
1437 2073 1506 2108 hoc
1544 2073 1602 2108 vel

186 2136 246 2170 illo
273 2137 383 2170 modo
411 2137 594 2182 regiminis
622 2145 695 2170 tam
722 2135 873 2180 simplici
901 2146 1007 2180 quam
1035 2135 1157 2175 mixto,
1198 2133 1254 2168 vel
1294 2143 1397 2179 prout
1431 2134 1601 2168 determi—

191 2204 294 2228 natus
323 2195 364 2228 ad
393 2194 548 2239 aliquam
577 2194 761 2238 regiminis
790 2193 1002 2238 speciem.»
1044 2191 1094 2226 Ita
1135 2192 1278 2231 Suarez,
1318 2202 1376 2236 op.
1415 2201 1448 2225 et
1487 2191 1507 2225 l.
1547 2191 1604 2226 cit.

186 2264 216 2287 c.
244 2264 275 2286 2.
303 2265 402 2287 num.
428 2265 460 2295 4.

257 2312 312 2357 (2)
341 2312 464 2346 Simile
492 2313 574 2358 quid
602 2313 636 2346 in
664 2311 784 2346 multis
813 2311 888 2346 aliis
916 2311 1185 2357 quaestionibus
1213 2311 1397 2355 contingit.
1428 2328 1470 2334 —
1498 2310 1536 2344 E.
1565 2321 1598 2355 g.

187 2373 280 2409 aliud
308 2385 393 2408 sane
421 2382 473 2408 est
500 2374 678 2419 inquirere
706 2373 816 2407 modo
843 2371 1013 2418 generali,
1040 2371 1221 2406 undenam
1249 2370 1322 2414 fiat,
1361 2379 1399 2405 ut
1430 2370 1598 2404 homines

185 2433 304 2479 lingua
334 2433 448 2479 aliqua
476 2442 620 2468 utantur
647 2432 688 2466 ad
716 2444 800 2466 suos
827 2440 1022 2476 conceptus
1061 2429 1330 2476 exprimendos:
1357 2428 1450 2463 aliud
1478 2437 1598 2463 autem

185 2504 238 2528 est
266 2495 441 2538 inquirere
469 2494 504 2526 in
531 2492 742 2537 particulari,
772 2492 951 2525 undenam
971 2491 1041 2531 fiat,
1063 2499 1101 2524 ut
1117 2490 1282 2523 homines
1301 2488 1367 2524 hac
1386 2489 1422 2522 in
1448 2488 1596 2534 regione
