1705 2787
0 2687 27 2787 aes-w·-
0 2646 5 2653 ’

92 171 358 214 clesiasticae
407 182 449 213 et
496 171 651 228 civilis,
695 171 938 215 directione
981 171 1026 213 in
1062 170 1162 213 finis
1211 169 1295 212 sibi
1343 169 1512 227 proprii

93 243 459 286 consecutionem
493 258 569 300 per
603 243 748 286 media
780 243 898 286 licita
931 240 1275 285 contendebant.

210 315 264 357 H.
297 315 485 371 Verum,
505 327 554 358 ut
588 316 851 372 plurimum,
874 313 998 358 valde
1023 313 1074 356 ab
1099 313 1165 356 his
1191 312 1387 356 diversae
1412 324 1516 354 sunt

93 385 307 444 opificum
340 387 592 443 societates,
626 402 733 445 quas
768 387 933 429 nostris
969 385 1124 429 diebus
1149 385 1379 429 habemus.
1414 385 1515 440 Eae,

92 459 218 501 omni
251 457 480 515 religionis
514 459 733 516 principio
769 470 935 515 amoto,
970 458 1089 501 hunc
1123 456 1287 500 habent
1311 471 1514 514 scopum,

90 528 118 571 l’
139 530 401 587 opposizione
434 528 496 572 del
528 529 670 572 lavoro
704 539 840 572 contro
874 529 902 572 il
935 528 1114 587 capitale.
1149 528 1338 583 Scilicet,
1357 526 1514 570 divites

91 602 137 644 in
187 600 375 659 opificiis
426 600 713 644 instituendis
760 602 990 658 ingentem
1039 602 1252 658 pecuniae
1286 613 1514 643 summam

90 672 374 730 impendunt.
399 674 620 730 Pauperes
645 670 794 715 autem
818 688 944 715 suam
970 688 1152 730 operam
1186 673 1231 715 in
1254 673 1305 714 iis
1325 669 1512 728 opificiis

90 744 254 807 locant,
288 756 330 787 et
362 760 418 788 ne
441 760 463 787 a
488 743 697 787 divitibus
718 745 1046 801 opprimantur7
1071 745 1331 787 societatem
1356 744 1514 785 ineunt

89 832 137 860 ac
171 833 216 859 se
250 817 465 875 obligant,
499 816 551 861 ad
585 816 851 860 cessandum
886 833 975 860 una
1015 816 1151 859 simul
1195 831 1218 858 a
1270 814 1435 871 labore,
1478 815 1514 856 si

91 887 162 930 hic
195 900 273 931 aut
307 887 476 931 diutius
511 903 646 946 quam
681 903 756 945 par
792 900 856 930 est
891 887 1190 945 protrahatur,
1225 898 1299 929 aut
1333 900 1516 943 propor-

90 959 264 1002 tionato
297 960 441 1016 pretio
476 974 567 1002 non
601 957 887 1001 retribuatur.

210 1030 407 1084 Quando
441 1046 546 1075 vero
569 1047 591 1073 a
616 1032 826 1074 societate
851 1032 1036 1073 cessatio
1061 1046 1081 1072 a
1106 1029 1254 1072 labore
1288 1027 1514 1082 indicitur,

93 1102 202 1144 socii
236 1102 500 1160 plerumque
534 1117 627 1144 non
662 1101 799 1144 modo
834 1117 856 1144 a
890 1101 1039 1144 labore
1074 1102 1156 1158 ipsi
1180 1099 1419 1155 abstinent,
1439 1097 1514 1142 sed

91 1174 199 1217 alios
235 1175 383 1230 etiarn,
407 1175 484 1232 qui
507 1189 598 1217 non
624 1187 728 1217 sunt
752 1175 976 1216 societatis
995 1173 1113 1216 illius
1138 1171 1354 1227 membra,
1379 1171 1513 1213 minis

92 1260 140 1288 ac
173 1246 216 1288 vi
250 1246 540 1303 compellunt,
574 1259 624 1289 ut
658 1247 820 1303 pariter
865 1261 886 1288 a
935 1244 1085 1288 labore
1135 1243 1361 1287 desistant.
1398 1244 1513 1286 Hinc

95 1318 228 1360 otiosi
262 1318 307 1360 in
357 1317 551 1361 tabernis
600 1319 918 1374 immorantur,
954 1317 1111 1361 urbem
1146 1328 1421 1374 percursant,
1469 1316 1514 1358 in

91 1388 256 1446 plateas
291 1391 582 1445 conveniunt,
617 1405 637 1431 a
673 1388 931 1446 demagogis
966 1390 1210 1431 incitantur
1260 1387 1312 1431 ad
1345 1386 1513 1443 turbas,

95 1475 223 1518 saepe
244 1461 377 1503 etiam
399 1459 557 1504 damna
576 1460 769 1519 pacificis
791 1460 959 1504 civibus
979 1460 1514 1516 inferunt‚terroremque

94 1544 324 1588 spargunt.
358 1533 588 1575 Praeterea
623 1533 858 1575 societates
894 1532 975 1575 hae
1010 1544 1130 1587 sunt,
1166 1544 1214 1574 ut
1249 1531 1515 1589 plurimum,

89 1686 283 1720 societates
311 1698 330 1720 a
354 1685 545 1720 catholica
576 1685 739 1720 Ecclesia
767 1686 941 1719 societate
969 1683 1059 1717 civili
1081 1681 1365 1728 praecellentiori
1388 1693 1517 1727 appro-

90 1745 204 1788 batas,
233 1745 270 1779 in
297 1745 423 1790 quibus
452 1745 650 1779 secundum
679 1745 812 1778 Christi
840 1745 948 1789 ipsius
977 1743 1239 1777 institutionem
1267 1741 1416 1776 consilia
1433 1752 1515 1786 per-

93 1803 264 1839 fectionis
292 1804 522 1850 evangelicae
550 1804 798 1840 observantur.
824 1804 947 1849 Itaque
974 1814 1047 1836 non
1075 1801 1192 1835 solum
1219 1801 1296 1835 iura
1321 1802 1431 1846 ipsius
1450 1813 1516 1835 na-

92 1873 203 1908 turae,
233 1865 296 1898 sed
324 1865 432 1899 etiam
459 1865 534 1898 iura
560 1863 742 1898 Ecclesiae
770 1863 959 1903 violantur,
988 1863 1015 1895 si
1036 1861 1226 1905 religiosae
1243 1860 1398 1894 familiae
1427 1873 1445 1895 a
1465 1861 1516 1894 ci-

93 1923 154 1958 vili
183 1934 363 1970 potestate
391 1925 629 1959 destruantur.
658 1924 712 1958 Cf.
741 1923 931 1969 Taparelli,
958 1924 1076 1967 stzggz'o
1121 1934 1192 1956 ecc.
1219 1931 1294 1956 not.
1337 1922 1516 1956 LXXXV.

99 1984 287 2029 Perpende
315 1984 424 2018 etiam
449 1985 735 2029 propositionem
764 1984 799 2016 in
826 1982 971 2028 Syllabo
999 1981 1278 2015 condemnatam
1313 1982 1376 2015 sub
1419 1993 1518 2016 num.

98 2042 207 2077 LIII.:
237 2056 252 2073 a
281 2044 524 2089 Abrogandae
553 2052 634 2077 sunt
661 2042 770 2087 leges,
805 2053 894 2087 quae
935 2041 978 2076 ad
1016 2040 1264 2085 religiosarum
1302 2039 1520 2074 familiarum

106 2112 238 2137 statum
267 2104 465 2145 tutandum,
494 2114 689 2147 earumque
717 2103 791 2135 iura
819 2111 851 2135 et
880 2101 996 2135 officia
1029 2101 1223 2145 pertinent3
1251 2100 1364 2134 immo
1402 2110 1520 2145 potest

104 2161 208 2196 civile
235 2163 449 2208 gubernium
475 2163 516 2196 iis
545 2162 711 2195 omnibus
740 2160 911 2194 auxilium
940 2169 1131 2205 praestare,
1158 2160 1218 2204 qui
1238 2172 1257 2193 a
1283 2166 1450 2204 suscePto
1469 2171 1522 2194 re-

100 2219 253 2265 ligiosae
282 2221 378 2254 vitae
405 2221 568 2255 instituto
597 2219 751 2253 deficere
793 2230 831 2252 ac
872 2218 1048 2251 solemnia
1087 2227 1173 2252 vota
1211 2216 1376 2262 frangere
1394 2217 1522 2260 velint3

103 2279 305 2324 pariterque
332 2288 453 2324 potest
479 2278 666 2323 religiosas
695 2278 841 2311 easdem
882 2275 1033 2310 familias
1060 2275 1207 2320 perinde
1247 2288 1285 2310 ac
1314 2275 1522 2321 collegiatas

98 2338 285 2373 Ecclesias
313 2348 348 2373 et
372 2339 549 2374 beneficia
576 2337 751 2382 simplicia
780 2337 887 2371 etiam
916 2337 999 2370 iuris
1020 2344 1229 2381 patronatus
1247 2336 1388 2380 penitus
1408 2336 1523 2370 extin-

103 2410 223 2443 guere,
250 2398 465 2444 illorumque
492 2399 586 2432 bona
615 2406 648 2431 et
676 2397 833 2430 redditus
861 2395 972 2429 civilis
999 2396 1187 2440 potestatis
1219 2386 1518 2432 administratio-ni

95 2466 130 2505 git
158 2460 300 2496 arbitrio
329 2459 503 2492 subiicere
532 2466 565 2491 et
592 2456 786 2490 vindicare.
815 2469 829 2487 ι»
