1705 2787
761 92 810 136 23

62 203 117 231 ex
139 187 271 244 capite
294 185 508 244 probatur,
533 186 610 229 hac
633 199 775 229 tamen
807 187 980 229 veritate
1014 188 1337 243 praesupposita,
1365 187 1508 230 Deum

63 277 155 306 esse
187 274 278 305 tum
308 262 660 319 sapientissimum
709 260 988 311 conditorem,
1032 272 1123 303 tum
1168 257 1508 317 providissimum

65 331 390 391 gubernatorem
423 348 592 375 suarum
634 344 931 385 creaturarum,
983 347 1059 374 nec
1107 332 1319 374 minorem
1366 345 1508 373 curam

65 403 220 447 habere
252 402 302 447 de
351 402 632 457 rationalibus,
683 419 811 460 quam
856 402 906 446 de
954 401 1256 446 irrationalibus
1299 395 1507 455 creaturis,

64 489 173 532 quae
204 486 374 531 propter
404 473 492 517 illas
524 474 743 517 rationales
776 486 869 516 sunt
903 473 951 517 ab
986 475 1075 531 ipso
1110 472 1317 517 conditae.

158 545 188 588 I.
221 545 356 602 Argni
380 546 516 603 primo
553 556 691 601 potest
736 561 786 587 ex
819 546 911 602 ipso
944 544 1069 598 facto,
1104 544 1154 587 de
1187 559 1270 601 quo
1314 542 1508 596 diximus,

70 615 289 659 universali
320 628 360 658 et
393 617 612 668 constanti,
649 616 844 658 homines
876 615 1032 659 scilicet
1074 616 1224 658 vixisse
1266 630 1431 672 semper
1470 627 1509 657 et

62 686 219 744 ‘ubique
251 687 390 730 Vivere
423 686 547 729 simul
570 688 611 730 in
633 687 831 729 societate
855 687 1115 730 coniunctos.
1140 713 1192 717 —-
1214 687 1329 730 Nam
1352 685 1509 729 factum

66 757 297 801 universale
328 770 368 800 et
401 770 593 800 constans
625 759 768 814 nequit
803 758 927 800 aliam
959 759 1020 801 sui
1045 773 1211 801 cansam
1243 757 1407 811 habere,
1433 760 1511 802 nisi

64 828 235 886 aliquid,
270 828 384 885 quod
417 828 645 872 universale
688 830 741 871 sit
771 841 813 871 et
861 841 1054 872 constans
1103 841 1142 872 et
1189 828 1419 873 identicum
1469 832 1510 874 in

64 900 262 944 omnibus
284 899 538 943 hominibus.
571 901 701 957 Atqui
735 901 838 944 nihil
872 914 932 944 est
965 900 1208 954 universale,
1246 913 1437 945 constans
1471 915 1510 945 et

67 971 297 1017 identicum
328 973 371 1014 in
404 971 597 1015 omnibns
631 972 885 1026 hominibus,
920 974 999 1015 nisi
1034 973 1121 1030 ipsa
1163 984 1330 1015 natura:
1377 985 1510 1017 cetera

69 1055 229 1101 praeter
259 1056 447 1087 naturam
481 1055 575 1086 sunt
607 1045 648 1086 in
681 1044 854 1101 singulis
893 1046 1018 1099 varia,
1062 1043 1288 1098 mutabilia,
1333 1045 1507 1089 diversa.

63 1114 182 1172 Ergo
215 1113 370 1157 factum
403 1114 504 1158 illud
536 1116 679 1172 nequit
723 1115 847 1158 aliam
890 1117 952 1158 sni
999 1131 1166 1159 causam
1218 1115 1383 1169 habere,
1433 1118 1511 1159 nisi

66 1187 202 1245 ipsam
233 1199 426 1230 naturam
457 1185 539 1246 (Ι).

157 1258 208 1301 Π.
241 1258 469 1315 Arguimus
500 1257 667 1301 secimdo
701 1274 751 1300 ex
785 1258 972 1312 naturali,
1007 1260 1049 1302 in
1083 1275 1162 1316 qua
1207 1259 1341 1303 homo
1385 1261 1510 1304 nasci-

70 1340 148 1382 tur,
184 1328 413 1386 indigentia
445 1345 598 1382 rerum,
634 1345 739 1387 quae
773 1330 823 1374 ad
857 1332 989 1387 ipsam
1012 1332 1119 1374 vitae
1143 1333 1507 1376 conservationem

69 1411 162 1443 sunt
210 1402 473 1454 necessariae,
519 1402 583 1444 cui
633 1401 885 1459 indigentiae
934 1403 1233 1446 sticcurrendae
1282 1404 1357 1446 sibi
1404 1420 1508 1447 unus

65 1470 202 1515 homo
234 1486 322 1514 non
353 1471 515 1515 sufficit.
552 1498 605 1503 —-
644 1490 663 1513 c<
700 1473 823 1516 Bruta
855 1473 1027 1530 quidem
1068 1487 1162 1517 sunt
1195 1491 1217 1517 a
1263 1488 1408 1519 natura
1452 1477 1507 1519 ita

70 1543 277 1596 instructa,
311 1555 355 1585 ut
386 1544 546 1599 possint
578 1543 653 1587 sibi
685 1544 848 1601 singula
877 1543 1076 1595 sufficere,
1102 1545 1236 1588 homo
1260 1559 1399 1589 autem
1422 1559 1507 1590 tam

70 1614 210 1657 multis
244 1613 363 1657 rebus
394 1614 565 1671 indiget,
599 1627 644 1657 ut
674 1616 776 1658 solus
821 1617 962 1658 vivere
1017 1616 1133 1659 nullo
1183 1616 1316 1660 modo
1363 1620 1506 1675 possit.

66 1685 184 1730 Nam
216 1684 334 1728 bruta
380 1698 601 1729 nascuntur
648 1688 792 1730 vestita
838 1700 877 1730 et
926 1701 1083 1731 armata
1117 1701 1155 1731 ct
1204 1690 1508 1734 aestimativam

65 1755 220 1800 habent
254 1758 307 1800 ita
340 1756 659 1801 determinatam
692 1757 742 1801 ad
778 1760 933 1812 omnia,
970 1775 1073 1816 quae
1117 1759 1192 1803 sibi
1238 1763 1504 1815 conveniunt,

70 1840 113 1870 ut
145 1829 382 1871 naturaliter
412 1831 499 1872 sine
533 1829 618 1872 ullo
653 1829 825 1873 doctore
857 1832 997 1873 statim
1031 1833 1225 1874 noverint
1258 1832 1379 1876 nidos
1403 1833 1507 1877 acdi-

70 1897 201 1953 ficare,
220 1899 415 1943 alimenta
432 1916 641 1958 quaerere,
667 1913 707 1943 et
732 1900 983 1945 medicinam
1009 1903 1136 1945 etiam
1159 1902 1333 1960 sibiipsis
1356 1903 1503 1948 facere.

67 1969 127 2013 At
158 1970 290 2014 homo
322 1972 501 2014 nascitur
533 1973 618 2015 sine
654 1971 846 2026 vestibus,
881 1974 968 2016 sine
1004 1973 1149 2027 domo,
1172 1975 1260 2017 sine
1283 1974 1503 2030 alimentis,

71 2043 263 2085 omnium
296 2059 434 2086 rerum
466 2060 652 2100 egenus3
685 2057 725 2087 ct
759 2060 1013 2102 quamquam
1048 2045 1169 2089 habet
1201 2062 1346 2089 manus
1379 2060 1418 2090 et
1449 2064 1506 2091 ra—

70 2113 241 2167 tionem,
275 2113 420 2171 quibus
465 2117 609 2158 onmia
659 2117 931 2158 instromenta
976 2132 1118 2173 parare
1166 2130 1318 2174 potest,
1366 2131 1505 2163 tamen

70 2183 232 2241 singula
263 2184 441 2241 longum
471 2199 635 2244 tempus
669 2188 895 2244 requirunt,
929 2200 969 2231 et
1001 2187 1105 2232 adeo
1138 2189 1331 2247 longum,
1366 2202 1410 2233 ut
1453 2193 1504 2234 sit

69 2254 322 2312 impossibile
354 2257 430 2300 sibi
462 2274 592 2301 unum
626 2259 848 2302 hominm]
880 2259 1066 2303 sufficere
1099 2260 1149 2304 ad
1185 2263 1354 2315 omnia3
1393 2277 1504 2319 prae-

70 2326 211 2369 sertim
242 2341 337 2369 cum
371 2343 586 2372 nascamur
619 2330 752 2382 rudes,
789 2342 827 2372 et
861 2342 965 2373 artes
990 2332 1122 2387 magis
1146 2331 1347 2387 doctrina,
1376 2349 1502 2390 quam

86 2464 95 2477 ⁸
140 2480 196 2525 (r)
224 2480 278 2516 Cf.
305 2494 418 2528 super.
447 2483 516 2518 vol.
549 2485 588 2519 ΙΙ.
619 2485 707 2519 thes.
737 2486 856 2520 XXV.
885 2497 961 2532 pag.
993 2487 1070 2521 281.
