1705 2787
749 63 1007 118 -236—

173 177 337 222 autem,
361 165 418 208 ait
444 163 558 208 idem
594 166 754 209 Suarez
778 166 866 226 (1),
900 182 1023 224 reges
1047 165 1249 211 dicantur
1274 167 1467 211 ministri
1491 164 1588 224 Dei,

173 240 276 281 satis
310 251 389 294 est,
424 238 543 296 quod
592 238 644 281 ab
693 240 770 282 illo
819 238 1007 282 habeant
1040 252 1321 298 potestatem,
1355 240 1456 283 licet
1498 254 1589 283 me-

173 309 320 352 diante
354 309 535 366 populo.
564 326 583 350 ›>

261 381 309 439 d)
344 381 545 423 Curnam
579 394 749 424 veteres
774 396 864 425 non
895 381 1207 439 admittebant,
1241 383 1592 440 progenitorem,

172 469 208 494 e.
242 468 282 508 g.
318 451 558 508 Adamum,
593 468 642 496 ex
678 454 718 495 vi
752 453 891 496 solius
923 454 1031 496 iuris
1085 466 1271 497 naturae
1321 469 1415 496 esse
1458 454 1591 496 etiam

172 538 321 579 regem
356 538 459 565 suae
494 525 794 580 posteritatis?
819 551 870 555 —
896 525 1146 582 Responsio
1173 541 1224 569 ex
1247 526 1366 568 hisce
1400 525 1592 568 Suaresii

171 593 315 637 verbis
350 593 423 653 (2)
457 594 606 652 colligi
641 607 811 652 potest:
862 613 881 636 «
920 598 982 640 Ex
1015 598 1056 640 vi
1091 597 1229 640 solius
1280 597 1516 640 creationis
1550 607 1592 638 et

171 668 355 723 originis
376 668 590 710 naturalis
610 668 758 711 solum
778 667 928 724 colligi
948 680 1110 725 potest,
1133 667 1341 711 habuisse
1364 667 1590 711 Adamum

172 750 437 795 potestatem
471 740 826 796 oeconomicam,
861 755 952 782 non
986 739 1231 796 politicam.
1267 738 1436 782 Habuit
1471 739 1591 780 enim

171 822 435 867 potestatem
470 811 513 853 in
550 826 752 867 uxorem,
790 824 831 854 et
855 823 1007 868 postea
1042 812 1229 868 patriam
1254 821 1520 868 potestatem
1544 810 1589 852 in

173 881 287 924 filios
323 880 535 939 quamdiu
586 883 853 940 emancipati
888 897 977 924 non
1011 881 1216 925 fuerunt:
1268 883 1415 939 potuit
1458 882 1589 924 etiam

170 953 357 996 decursu
393 954 608 1011 temporis
643 953 809 997 habere
842 953 1054 1011 famulos,
1087 967 1129 997 et
1163 953 1432 1011 completam
1466 951 1591 995 fami-

171 1025 289 1080 liam,
324 1036 366 1066 et
399 1025 444 1067 in
479 1040 526 1067 ea
561 1025 737 1082 plenam
756 1038 1040 1083 potestatem,
1065 1041 1176 1083 quae
1202 1025 1490 1068 oeconomica
1515 1039 1588 1081 ap·

171 1096 372 1153 pellatur.
408 1097 652 1154 Postquam
687 1110 837 1140 autem
872 1109 1116 1155 coeperunt
1150 1095 1339 1139 familiae
1375 1094 1589 1151 multipli-

171 1168 257 1210 cari
291 1180 333 1209 et
367 1169 574 1225 separari,
608 1168 775 1224 singuli
804 1168 1026 1225 homines,
1052 1169 1128 1226 qui
1152 1180 1275 1210 erant
1301 1168 1440 1224 capita
1464 1165 1589 1208 fami-

170 1240 344 1294 liarum,
379 1238 601 1282 habebant
634 1239 838 1282 eamdem
863 1252 1131 1297 potestatem
1156 1240 1269 1281 circa
1302 1252 1431 1281 suam
1464 1236 1587 1279 fami-

170 1309 287 1351 liam.
322 1310 523 1351 Potestas
559 1322 707 1352 autem
743 1310 922 1367 politica
957 1326 1048 1353 non
1083 1310 1240 1366 coepit,
1275 1307 1416 1351 donec
1440 1307 1589 1364 plures

172 1378 362 1423 familiae
396 1381 439 1422 in
475 1395 612 1423 unam
648 1382 1023 1423 communitatem
1059 1379 1299 1437 perfectam
1325 1379 1589 1435 congregari

171 1463 431 1506 coeperunt.
466 1450 595 1493 Unde
630 1453 744 1494 sicut
780 1451 848 1494 illa
885 1451 1188 1493 communitas
1224 1466 1314 1493 non
1344 1450 1488 1506 coepit
1513 1464 1589 1506 per

171 1522 442 1565 creationem
493 1521 627 1577 Adae,
662 1538 741 1565 nec
775 1538 851 1580 per
886 1523 1026 1565 solam
1061 1523 1338 1566 voluntatem
1373 1523 1481 1576 eius,
1515 1520 1589 1563 sed

171 1592 379 1634 omnium
413 1593 491 1649 qui
523 1593 569 1634 in
602 1592 675 1635 illa
718 1606 1055 1647 convenerunt3
1099 1595 1157 1636 ita
1204 1608 1296 1636 non
1344 1606 1586 1649 possumus

171 1676 273 1705 cum
297 1662 591 1707 fundamento
615 1664 773 1719 dicere,
799 1664 1023 1708 Adamum
1043 1680 1094 1707 ex
1114 1677 1270 1707 natura
1296 1666 1357 1707 rei
1382 1663 1589 1706 habuisse

172 1734 414 1789 primatum
439 1734 675 1791 politicum
699 1736 744 1777 in
769 1735 840 1778 illa
866 1736 1204 1778 communitate.
1231 1735 1294 1777 Ex
1317 1734 1450 1777 nullis
1469 1734 1589 1776 enim

172 1806 398 1863 principiis
433 1806 708 1850 naturalibus
735 1806 777 1850 id
812 1808 961 1865 colligi
985 1820 1146 1865 potest,
1181 1808 1283 1865 quia
1307 1822 1357 1849 ex
1381 1807 1423 1849 vi
1450 1807 1588 1849 solius

172 1877 277 1919 iuris
312 1890 495 1920 naturae
530 1894 621 1921 non
657 1892 721 1922 est
755 1878 956 1922 debitum
993 1880 1271 1936 progenitori
1296 1891 1345 1922 ut
1369 1879 1502 1921 etiam
1533 1878 1587 1920 sit

172 1964 245 1991 tex
279 1965 383 1992 suae
418 1952 703 2007 posteritatis.
743 1969 761 1991 »
801 1952 852 1994 Et
888 1952 973 1994 alio
1008 1952 1106 1994 loco
1140 1950 1241 2009 (3):
1280 1968 1300 1991 «
1338 1951 1386 1993 In
1420 1949 1583 1993 familia

243 2157 299 2202 (τ)
326 2157 410 2193 Loc.
436 2170 519 2204 nup.
549 2161 605 2194 cit.
635 2177 677 2186 -—
706 2159 798 2196 Vide
826 2160 869 2196 de
898 2159 966 2207 leg.
995 2161 1015 2196 1.
1043 2161 1103 2196 ΙΙΙ.
1131 2172 1206 2207 cap.
1237 2173 1270 2205 4.
1296 2173 1394 2197 num.
1424 2160 1456 2197 6.

243 2219 298 2262 (2)
325 2219 379 2252 Dc
407 2219 475 2265 leg,
502 2219 522 2253 l.
552 2221 611 2254 111.
638 2233 667 2256 c.
697 2232 727 2255 2.
755 2234 789 2256 n.
820 2233 849 2267 3.
878 2239 919 2247 ⁶-
951 2222 1102 2256 Politica
1137 2232 1297 2267 potestas
1337 2222 1453 2258 differt
1481 2235 1499 2256 a
1525 2234 1589 2268 pa-

171 2286 271 2313 terna
299 2278 563 2322 multipliciter:
604 2282 794 2327 praecipue
821 2283 866 2316 ob
893 2282 1211 2327 independentiam
1239 2294 1346 2328 quam
1373 2283 1409 2316 in
1435 2294 1500 2317 suo
1528 2277 1588 2316 orss

172 2340 253 2373 dine
280 2338 397 2380 habet,
426 2339 471 2373 ob
499 2341 572 2374 iura
601 2342 725 2386 quibus
752 2342 876 2388 pollet,
903 2344 948 2376 ob
977 2343 1086 2377 finem
1113 2343 1148 2376 in
1176 2353 1283 2389 quem
1310 2343 1412 2377 datur
1439 2354 1477 2377 ac
1505 2352 1585 2377 ten-

172 2398 219 2431 dit
248 2406 313 2432 etc.

243 2458 298 2501 (3)
325 2457 404 2491 Des.
433 2457 490 2491 fid.
520 2458 540 2493 l.
568 2458 626 2494 HI.
655 2472 683 2495 c.
704 2470 733 2496 2,
