1705 2787
637 54 897 109 -163-

59 178 81 206 a
115 172 286 217 natura,
321 160 348 203 i.
383 176 417 203 e.
455 159 541 203 nisi
574 158 688 204 forte
721 157 954 204 desciverit
997 174 1019 202 a
1053 169 1222 201 natura.
1278 156 1332 199 Et
1375 170 1479 198 sane

61 251 80 274 «
117 233 182 276 vir
216 243 374 275 natura
408 246 486 274 sua
519 243 585 274 est
619 232 770 275 animo
814 231 1054 289 perspicax,
1088 228 1298 288 prudens,
1333 226 1384 271 ad
1408 226 1480 270 de-

59 302 341 349 liberandum
375 301 620 360 expeditus,
656 303 874 360 propositi
908 314 1052 358 tenax,
1087 315 1273 358 corpore
1308 298 1480 354 firmus,

58 374 186 419 rebus
222 373 426 432 gerendis
462 387 605 431 aptus,
639 374 826 432 vagandi
860 373 1060 432 cupidus:
1118 372 1277 416 mulier
1327 383 1480 413 contra

57 447 206 489 minus
240 457 306 489 est
339 444 616 503 agendarum
651 461 800 488 rerum
851 445 1068 501 consulta,
1103 443 1154 487 ad
1194 442 1377 486 consilia
1411 457 1478 484 ca-

55 516 213 575 pienda
247 516 428 573 tardior,
462 532 484 559 a
519 518 713 574 negotiis
748 516 986 560 tractandis
1021 516 1177 572 aliena,
1201 513 1370 570 timida,
1405 512 1477 555 de-

57 589 197 645 licata,
233 587 475 631 domiseda.
509 587 587 632 Illa
622 603 733 645 ergo
769 588 1028 631 naturaliter
1063 600 1162 644 eget
1196 586 1474 643 protectione

54 661 136 704 viri
170 675 216 702 ac
252 659 439 718 proinde
473 659 525 702 ab
560 675 611 702 eo
649 658 880 717 dependet.
916 658 1210 702 incommoda
1245 671 1285 700 et
1337 655 1479 699 officia

56 732 351 774 maternitatis
387 747 482 775 earn
518 731 778 774 naturaliter
813 730 1023 774 addicunt
1058 732 1258 773 internae
1292 728 1479 772 admini-

56 803 261 845 strationi
296 800 470 846 domus:
507 802 603 845 viro
638 814 793 844 contra
827 801 879 844 ab
914 801 980 844 his
1016 802 1132 844 curis
1158 814 1199 844 et
1225 801 1477 843 incommo-

57 872 121 917 dis
157 885 378 931 exempto,
434 874 648 931 competit
683 886 723 916 et
758 872 990 930 providere
1041 888 1150 931 quae
1201 871 1253 915 ad
1288 870 1477 914 familiae

57 946 432 988 sustentationem
482 947 727 988 necessaria
780 958 898 995 sunt,
934 958 975 987 et
1010 945 1221 988 familiam
1272 941 1476 986 defende-

58 1031 102 1058 re
121 1015 207 1073 (Ι).
233 1034 252 1055 n
291 1017 407 1059 Hinc
430 1017 494 1059 vir
520 1028 599 1069 est,
634 1017 708 1073 qui
729 1015 941 1059 familiam
968 1015 1151 1058 iuridice
1177 1024 1477 1071 repraesentat

58 1102 207 1129 coram
243 1088 359 1130 civili
393 1088 616 1130 societate:
668 1088 738 1130 cui
781 1089 912 1130 etiam
963 1088 1078 1130 civili
1125 1087 1358 1129 consortio
1398 1085 1478 1133 vir,

58 1174 156 1201 cum
194 1175 305 1217 opus
339 1160 409 1215 sit,
444 1160 641 1210 inservit,
677 1160 766 1201 sive
802 1158 1238 1213 militiamineundo,
1273 1158 1362 1200 sive
1389 1171 1476 1199 ma—

58 1230 269 1287 gistratus
289 1229 499 1286 gerendo.

145 1299 358 1355 Obiicies,
393 1300 630 1343 mulierem
665 1300 905 1358 aliquando
940 1316 1033 1342 esse
1069 1301 1162 1342 viro
1188 1300 1405 1356 aptiorem
1426 1295 1477 1339 ad

58 1370 295 1428 regendam
331 1371 622 1414 domesticam
647 1372 920 1414 societatem.
947 1369 1238 1427 Respondeo:
1266 1368 1480 1427 quidnam

58 1442 256 1486 naturale
291 1443 358 1485 ius
394 1442 472 1485 hac
507 1443 551 1485 in
587 1458 631 1485 re
666 1441 814 1497 dictet,
864 1441 907 1485 id
942 1440 1278 1484 diiudicandum
1328 1452 1393 1482 est
1427 1455 1478 1481 ex

56 1529 179 1557 cursu
215 1513 393 1557 normali
414 1523 444 1556 cl
468 1523 668 1567 consueto,
693 1530 784 1556 non
820 1526 967 1556 autern
1005 1530 1055 1555 ex
1089 1528 1140 1554 eo
1165 1511 1286 1570 quod
1315 1527 1388 1568 per
1414 1526 1480 1553 ac-

57 1585 206 1630 cidens
240 1586 389 1644 aliquo
425 1587 468 1629 in
504 1602 604 1629 casu
643 1587 864 1643 contingit
889 1585 975 1644 (2).
1013 1588 1070 1628 Τὸ
1095 1586 1250 1642 δ’ὀὶρρεν
1285 1588 1347 1628 ἀεὶ
1380 1589 1479 1642 πρὸς

129 1799 185 1843 (1)
214 1799 265 1833 Ita
295 1798 408 1840 Iouin,
439 1798 544 1832 elem.
572 1798 656 1843 phil.
685 1810 775 1833 mor.
805 1811 884 1843 pag.
918 1800 993 1831 181.

128 1858 184 1902 (2)
212 1857 266 1891 Cf.
284 1868 400 1902 super.
429 1869 509 1902 pag.
540 1858 615 1891 118.
644 1857 763 1892 adnot.
797 1864 852 1891 ΙΝ·
882 1877 922 1882 ——
954 1858 1074 1902 Itaque
1097 1857 1215 1901 inepte
1243 1855 1375 1889 vellent
1395 1866 1482 1887 non·

57 1917 140 1951 nulli
169 1916 357 1951 mulierem
385 1930 404 1951 a
432 1925 609 1963 potestate
637 1917 711 1959 viri,
741 1925 777 1950 ut
805 1917 912 1955 aiunt,
942 1917 1170 1961 ‹7171‹1111⁴{pcl)'c.
1199 1916 1397 1960 Oporteret
1424 1915 1479 1947 in-

58 1975 179 2021 primis
206 1984 343 2010 mutare
371 1975 571 2010 naturalem
599 1975 758 2009 mulieris
787 1974 956 2015 indolem,
998 1986 1149 2019 eamque
1179 1974 1220 2008 ab
1248 1973 1375 2007 officiis
1401 1985 1479 2007 mzi-

57 2035 231 2069 ternitatis
260 2035 426 2068 eximere.
458 2047 472 2064 α
501 2035 615 2068 Senza
643 2033 820 2072 cliiedere,
851 2034 895 2067 ait
925 2033 1115 2078 luparelli,
1157 2034 1282 2078 Suggio
1318 2043 1385 2068 etc.
1413 2033 1481 2066 dis—

58 2103 177 2128 sertat.
205 2094 281 2128 VII.
322 2105 398 2139 cap.
436 2094 496 2128 ΙΙΙ.
524 2105 558 2128 n.
590 2105 700 2138 1553„
741 2093 831 2128 dalla
873 2093 1051 2137 fisiologia
1092 2093 1113 2126 il
1148 2094 1302 2127 sussidio
1343 2094 1375 2127 di
1417 2105 1478 2127 sue

58 2154 298 2189 osservazioni
328 2153 415 2188 stille
445 2153 539 2199 leggi
568 2153 658 2188 delle
701 2154 854 2188 funzioni
897 2153 1104 2197 organiclie,
1144 2155 1368 2187 osserviamo
1412 2153 1478 2187 elie

57 2213 147 2247 oltre
174 2213 205 2248 la
234 2213 425 2248 debolezza
453 2214 667 2249 d'intelletto
703 2215 759 2258 piu
800 2223 874 2248 atto
903 2213 1206 2247 ordinariamente
1235 2212 1328 2246 nelle
1357 2213 1476 2247 domie

57 2285 75 2307 a
102 2285 183 2307 cure
212 2274 358 2315 minute,
387 2273 452 2307 che
483 2286 500 2308 a
528 2275 617 2308 vasti
648 2274 935 2319 concepimenti3
976 2273 1069 2307 oltre
1112 2273 1142 2307 la
1184 2274 1382 2308 liaccliezza
1422 2274 1477 2307 del

58 2341 176 2373 cuore,
205 2331 271 2364 che
299 2331 406 2365 rende
435 2335 461 2365 si
492 2343 567 2365 rare
595 2331 651 2365 nel
681 2344 781 2365 sesso
821 2330 963 2365 imbelle
1004 2331 1034 2365 le
1064 2333 1260 2375 Amazoni3
1300 2333 1330 2367 la
1359 2335 1478 2370 donna

58 2389 153 2424 nello
181 2399 274 2424 stato
303 2390 491 2435 coniugale
528 2391 638 2425 dox'ra
677 2393 1005 2427 necessariamente
1034 2404 1051 2426 e
1079 2401 1367 2429 costantemente
1395 2406 1478 2440 pas-

60 2460 137 2485 sare
165 2453 260 2485 meta
289 2450 343 2484 dei
374 2450 450 2484 suoi
482 2451 562 2485 anni
605 2452 661 2496 piu
706 2451 820 2485 lloridi
862 2451 955 2486 nelle
997 2452 1165 2487 difficolt&
1194 2452 1249 2487 del
1277 2462 1430 2499 portato,
1459 2466 1477 2489 e
