1705 2787
743 47 1002 103 -258-

263 158 468 210 Quaeres
503 155 696 210 tandem,
720 155 827 213 quid
851 157 907 198 sit
930 155 1215 199 sentiendum
1238 154 1290 200 de
1313 166 1582 213 argumento

171 228 246 270 illo
281 228 368 287 (1),
403 243 492 285 quo
531 240 623 270 tota
671 239 875 270 veterum
926 226 1098 269 theoria
1145 228 1372 270 innititur:
1409 245 1430 267 «
1457 242 1509 270 ex
1539 227 1582 270 vi

168 300 351 341 rationis
384 298 594 341 naturalis
631 297 751 340 nulla
787 310 932 353 potest
957 299 1197 354 excogitari
1222 299 1349 352 ratio,
1373 313 1452 340 cur
1477 297 1581 340 haec

170 384 364 428 potestas
399 369 722 412 determinetur
747 368 797 411 ad
823 383 956 411 unam
986 383 1222 424 personam
1246 368 1315 412 vel
1336 367 1388 411 ad
1411 380 1584 411 certum

167 456 406 485 numerum
431 455 722 498 personarum
744 440 857 483 infra
877 452 1019 482 totam
1044 441 1418 483 communitatem
1438 441 1578 497 magis

166 530 300 572 quam
336 512 387 555 ad
421 512 559 555 alium
594 511 679 571 (2)
708 530 728 552 »
767 538 819 543 —
853 512 1042 567 Scilicet,
1076 523 1246 554 veteres
1291 510 1506 554 sistebant
1539 512 1583 554 in

165 586 379 628 abstracta
407 584 763 628 consideratione
785 584 924 626 solius
944 584 1160 626 essentiae
1180 595 1222 625 et
1240 584 1401 639 speciei
1426 582 1582 626 huma-

165 672 260 711 nae,
285 668 326 698 et
351 656 393 698 in
420 656 470 697 iis
505 654 822 698 tantummodo
848 654 1097 711 spectandis
1122 652 1294 696 iuribus
1318 654 1582 710 congenitis,

165 742 274 784 quae
310 726 629 784 quodcumque
678 724 844 768 factum
895 724 1189 767 adventitium
1240 723 1506 767 antecedunt
1541 735 1583 766 et

166 800 305 855 ipsam
330 810 535 840 naturam
562 797 806 840 humanam
833 808 1189 854 consequuntur.
1214 796 1401 851 Verum,
1426 797 1581 839 utiam

163 871 248 912 alio
283 869 380 912 loco
404 868 478 927 (3)
502 871 782 923 monuimus,
807 870 848 910 in
878 867 1009 912 rebus
1036 868 1242 910 humanis
1269 880 1425 911 natura
1449 867 1579 911 debet

163 940 447 995 considerari,
483 954 573 982 non
609 941 696 981 iam
720 938 1008 982 solummodo
1033 940 1074 981 in
1100 938 1322 981 abstraclo:
1346 937 1422 981 sed
1447 939 1578 981 etiam

165 1014 202 1055 in
230 1020 407 1054 cuncrelo
434 1008 681 1053 secundum
707 1011 1065 1053 circumstantias
1100 1025 1175 1052 seu
1213 1008 1325 1051 facta
1358 1024 1381 1051 a
1415 1008 1579 1067 quibus

162 1195 379 1229 sententiam
407 1194 561 1235 illorum,
591 1195 648 1240 qui
677 1194 900 1236 arbitrantur,
930 1205 1012 1227 euni
1039 1193 1170 1226 habere
1202 1191 1339 1226 actuale
1358 1193 1411 1226 ius
1430 1192 1576 1237 regendi

163 1255 385 1296 societatem,
406 1255 465 1299 qni
486 1253 613 1288 melius
641 1253 736 1287 illam
759 1253 956 1298 gubernare
977 1261 1107 1297 potest.
1128 1252 1244 1285 Maior
1263 1251 1397 1286 scilicet
1416 1252 1576 1296 aptitudo

163 1315 306 1360 praebet
335 1316 511 1348 maiorem
538 1314 802 1359 eli-gibilmanna
831 1313 889 1346 ubi
917 1313 974 1357 qui
1003 1313 1201 1357 gubernare
1223 1312 1350 1345 debeat
1370 1319 1422 1345 est
1441 1310 1574 1355 eligen-

165 1375 242 1408 dus.
271 1375 355 1408 Non
383 1375 548 1409 obstante
575 1374 701 1408 maiori
730 1373 787 1407 illa
816 1373 1022 1418 aptitudine,
1057 1383 1164 1417 quam
1203 1372 1279 1416 quis
1307 1371 1342 1404 in
1370 1381 1407 1404 se
1435 1370 1576 1413 habeat,

166 1435 194 1467 si
224 1434 409 1479 eligendus
436 1445 510 1468 non
537 1434 581 1468 sit
608 1434 666 1479 qui
694 1433 891 1478 gubernare
932 1431 1070 1473 debeat,
1099 1439 1158 1464 aut
1185 1431 1214 1463 si
1241 1430 1318 1475 quis
1356 1440 1482 1475 reapse
1508 1441 1581 1464 non

167 1493 327 1537 eligatur,
356 1494 384 1528 is
411 1505 498 1528 sane
525 1505 599 1528 non
626 1494 690 1527 erit
718 1503 908 1538 supremae
936 1491 1159 1525 auctoritatis
1187 1500 1386 1535 possessor.
1408 1489 1581 1523 «L'auto-

166 1554 242 1595 rita,
271 1553 298 1587 si
326 1554 416 1591 dice,
444 1555 462 1587 e
490 1552 645 1587 stabilita
672 1552 764 1586 dalla
793 1560 920 1586 natura
946 1562 1009 1595 per
1047 1559 1210 1584 ottenere
1238 1548 1261 1582 il
1287 1549 1378 1583 bene
1406 1559 1578 1583 comune:

165 1613 307 1657 dunque
335 1613 559 1647 debb'essere
585 1612 781 1657 posseduta
800 1612 844 1644 da
863 1610 919 1645 chi
937 1610 1058 1655 meglio
1078 1611 1149 1654 puo
1169 1608 1243 1643 fare
1261 1608 1285 1642 il
1304 1609 1394 1642 bene
1415 1618 1580 1642 comune.

165 1672 211 1706 Iia
241 1683 492 1718 conseguenza
520 1673 538 1706 e
567 1671 663 1706 falsa:
687 1670 833 1716 giacch'e
861 1669 942 1715 quel
969 1668 1091 1715 meglio
1119 1680 1192 1703 non
1219 1669 1247 1702 si
1274 1677 1376 1703 trova
1396 1666 1582 1701 nell’ante-

166 1731 328 1772 cedente,
358 1743 375 1765 e
403 1731 644 1776 l'argomento
672 1731 742 1775 puo
761 1728 993 1775 paragonarsi
1016 1727 1047 1762 al
1066 1735 1251 1772 seguente.
1273 1726 1302 1760 ΙΙ
1320 1726 1435 1772 patrio
1456 1734 1581 1771 potere

165 1792 182 1823 e
210 1789 365 1824 stabilito
394 1789 487 1824 dalla
513 1798 638 1823 natura
666 1787 723 1834 pel
750 1797 841 1822 retto
869 1787 1110 1822 allevamento
1147 1786 1202 1820 dei
1230 1785 1322 1832 figli:
1351 1785 1495 1830 dunque
1523 1796 1581 1831 ap-

165 1850 325 1893 partiene
351 1862 369 1883 a
397 1849 502 1891 colui,
531 1848 597 1883 che
625 1847 758 1893 meglio
787 1849 856 1892 puo
878 1845 1047 1880 allevat-li.
1066 1845 1105 1878 In
1125 1854 1252 1889 questo
1272 1845 1434 1878 discorso
1454 1854 1579 1889 ognun

164 1909 254 1942 vede
270 1920 341 1943 non
361 1908 562 1942 solamente
580 1907 612 1941 la
634 1907 746 1941 saisita
766 1906 858 1940 della
877 1915 1139 1949 conseguenm,
1162 1915 1221 1937 ma
1240 1903 1353 1937 anche
1374 1902 1579 1948 l'equivoco

164 1967 206 2000 da
234 1968 288 2001 cui
316 1967 437 2000 deriva
464 1966 496 2000 la
525 1965 651 2001 salsitii.
680 1966 840 2011 Ognuno
868 1977 905 1998 sa
937 1963 1158 2009 rispondervi
1185 1961 1252 1996 che
1279 1960 1302 1994 il
1320 1962 1435 2006 patrio
1456 1970 1579 2006 potere

166 2029 271 2061 esiste
299 2027 392 2062 nella
419 2028 555 2062 societit
582 2027 781 2061 domestica
807 2025 864 2070 pel
891 2026 981 2059 bene
1013 2024 1070 2058 dei
1096 2022 1188 2068 figli:
1215 2034 1274 2056 ma
1292 2021 1462 2056 l'esserne
1482 2023 1580 2056 inve-

165 2089 247 2122 stito
275 2099 348 2121 non
375 2090 392 2121 ὲ
421 2088 543 2121 effetto
565 2087 598 2121 di
618 2096 746 2132 questo
766 2087 866 2127 bene,
884 2097 942 2119 ma
963 2085 994 2118 di
1015 2096 1061 2118 1111
1080 2082 1169 2118 fatto
1188 2082 1414 2128 precedente.
1437 2082 1578 2123 Questo

165 2147 252 2181 fatto
281 2149 299 2181 e
327 2147 477 2192 cagione
506 2145 563 2180 del
588 2156 775 2191 possesso:
803 2144 835 2178 la
862 2153 987 2178 natura
1015 2143 1073 2188 poi
1102 2141 1158 2175 del
1185 2140 1298 2186 patrio
1326 2148 1450 2185 potere
1478 2142 1496 2174 e
1523 2151 1579 2175 ca-

164 2207 270 2251 gione
298 2207 364 2240 che
391 2205 533 2251 obbliga
560 2205 583 2238 il
610 2216 821 2250 possessore
851 2204 892 2237 ad
920 2202 1040 2237 usarlo
1067 2203 1102 2235 in
1130 2212 1192 2246 pro
1212 2200 1268 2234 dei
1289 2199 1376 2245 figli.
1394 2213 1409 2231 »
1434 2200 1485 2234 Ita
1507 2199 1576 2234 Ta-

163 2263 296 2308 parelli,
322 2265 440 2309 stzggio
470 2275 542 2297 ecc.
572 2263 713 2297 dissert.
744 2273 770 2305 5.
801 2273 875 2306 cap.
908 2272 936 2294 1.

235 2322 290 2367 (1)
318 2322 411 2356 Vide
437 2332 553 2366 super.
583 2332 665 2367 pag.
694 2331 770 2364 233.

237 2381 294 2424 (2)
320 2380 440 2414 Verba
467 2388 550 2414 sunt
577 2379 745 2418 Suaresii,
773 2377 843 2412 def.
873 2377 931 2411 fid.
960 2376 981 2410 l.
1010 2376 1069 2410 III.
1097 2386 1125 2409 e.
1154 2385 1184 2408 2.
1211 2386 1246 2408 n.
1274 2385 1305 2419 7.

237 2439 293 2484 (3)
319 2438 410 2472 Vide
438 2450 554 2484 super.
581 2450 662 2484 pag.
696 2438 770 2482 158.
