1705 2787
665 106 925 152 ...135-

82 202 322 263 pendentia
355 202 483 260 eique
518 202 562 246 in
596 200 756 245 totalem
790 201 1052 244 servitutem
1090 197 1300 243 subiecta.
1333 198 1505 241 Verum

82 274 214 332 quoad
247 288 345 316 suas
379 273 644 330 operationes,
679 287 770 314 non
806 283 871 313 est
906 269 1080 313 homini
1115 268 1359 311 essentialis
1383 267 1503 311 inde-

82 343 320 403 pendentia
353 343 405 386 ab
440 344 565 386 omni
598 343 876 397 auctoritate,
911 356 1022 399 quae
1056 342 1094 384 ei
1118 339 1385 398 praescribat
1405 355 1501 381 mo-

83 415 191 459 dum
225 413 437 458 tendendi
469 414 515 456 in
549 414 639 455 suis
676 411 924 455 actionibus
959 412 1005 454 in
1040 410 1176 453 finem
1211 410 1448 453 ultimum:
1484 425 1506 452 e

83 487 306 530 contrario
341 498 407 529 est
440 486 479 528 ei
512 486 757 528 necessaria
791 496 833 526 et
867 483 1079 526 naturalis
1115 482 1260 540 aliqua
1283 480 1505 524 subiectio

83 559 338 602 auctoritati
382 555 601 614 legiferae,
636 554 808 598 divinae
854 567 894 597 et
945 554 1180 605 humanae,
1232 565 1273 595 et
1323 552 1504 611 quidem

82 629 321 686 subiectio,
355 629 401 671 in
435 644 520 686 qua
554 628 797 684 reperiatur
833 627 970 669 homo
1005 624 1354 683 independenter
1378 640 1400 667 a
1424 639 1505 667 suo

86 714 214 760 pacto
247 701 315 745 vel
349 699 489 743 libero
523 714 626 742 suae
660 698 902 742 voluntatis
938 713 1174 740 consensu.
1220 695 1303 739 Sed
1337 695 1389 739 de
1437 695 1504 739 his

82 774 174 815 iam
208 770 400 814 diximus
436 769 521 812 alio
555 769 655 811 loco
690 768 776 826 (Ι).

178 856 271 898 141.
293 841 524 884 SCHOLION
544 840 596 882 Π.
617 841 682 882 De
702 838 856 882 officiis
883 839 997 881 inter
1022 838 1394 894 consanguineos,
1420 837 1503 879 hoc

85 912 275 956 breviter
310 926 412 953 cum
446 926 479 953 S.
515 910 694 952 Thoma
719 908 791 968 (2)
827 923 1080 951 monemus:
1118 926 1137 948 «
1173 909 1222 950 In
1267 908 1389 950 cultu
1424 923 1496 964 pa-

84 997 264 1028 rentum
312 981 555 1026 includitur
605 981 750 1024 cultus
802 982 1008 1023 omnium
1043 981 1500 1037 consanguineorum,

84 1057 186 1114 quia
219 1056 352 1098 etiam
387 1054 708 1110 consanguinei
743 1068 793 1094 ex
829 1052 910 1094 hoc
946 1051 1169 1107 dicuntur,
1195 1050 1314 1109 quod
1349 1068 1399 1094 ex
1423 1052 1505 1094 eis—

84 1128 184 1171 dem
228 1126 486 1185 parentibus
520 1137 848 1183 processerunt.
899 1125 948 1167 In
985 1124 1105 1167 cultu
1151 1136 1301 1166 autem
1336 1124 1501 1181 patriae

85 1198 348 1255 intelligitur
383 1196 527 1240 cultus
576 1197 782 1239 omnium
817 1196 1069 1238 concivium
1124 1206 1165 1237 et
1200 1195 1363 1252 patriae
1398 1195 1506 1236 arni—

85 1284 255 1312 corum.
279 1286 299 1309 »

681 1495 835 1525 THEffls
871 1482 939 1524 Ll.

90 1627 131 1670 Si
155 1635 344 1685 parentes
378 1627 551 1669 intestati
574 1627 600 1668 i.
625 1641 655 1668 e.
682 1625 789 1668 nullo
814 1625 987 1682 cmzsaecto
1012 1631 1239 1666 testamento
1260 1624 1504 1678 moriantur,

192 1697 274 1756 filii
306 1699 347 1740 in
382 1697 610 1740 dominium
653 1696 851 1739 bonorum
888 1704 1157 1753 paternorum
1201 1693 1382 1736 naturali
1417 1695 1504 1736 iure

204 1769 433 1812 succedunt.

181 1925 274 1968 142.
295 1913 669 1956 DEMONSTRATIO.
690 1913 895 1955 Diximus
920 1911 971 1953 de
991 1911 1142 1968 officiis:
1168 1908 1389 1965 agendum
1410 1925 1506 1952 mo-

87 1983 143 2027 do
164 1983 352 2027 breviter
377 1996 441 2027 est
465 1983 516 2027 de
538 1983 698 2026 iuribus
724 1982 1125 2026 filiorumsumilias.
1161 1982 1306 2038 Atque
1332 1980 1436 2023 haec
1461 1982 1504 2023 in

88 2055 241 2112 primis
277 2055 470 2097 occurrit
503 2052 806 2111 pertractanda
842 2053 1064 2110 quaestio:
1095 2066 1291 2108 quonam
1318 2051 1426 2106 iure,
1471 2051 1506 2092 si

87 2136 289 2181 parentes
308 2123 356 2167 ab
378 2125 554 2167 intestato
575 2123 750 2175 obeant,
776 2124 817 2165 iu
834 2137 991 2164 eorum
1013 2120 1126 2164 bona
1142 2120 1220 2163 filii
1252 2120 1505 2164 succedant.

88 2333 297 2341 μ

159 2431 215 2475 (3)
242 2429 299 2464 Cf.
330 2442 446 2477 super.
477 2442 556 2475 pag.
589 2430 629 2472 56
658 2439 691 2463 et
719 2430 775 2463 (30.

158 2491 214 2535 (2)
243 2491 281 2524 In
309 2501 338 2525 2.
369 2501 398 2525 2.
425 2502 456 2536 q.
489 2501 563 2524 101.
593 2502 622 2524 a.
654 2499 679 2523 1.
