1705 2787
693 72 954 106 2—*101—

204 173 463 230 Spectemus
521 186 641 214 nunc
691 169 772 228 25³)
817 170 1049 213 unitatem.
1105 170 1348 215 Concessio
1384 188 1406 215 a
1440 172 1537 215 Deo

113 244 224 287 facta
258 242 536 300 polygamiae
570 242 616 283 in
651 256 702 283 eo
737 240 880 284 differt
914 256 937 282 a
970 240 1194 284 solutione
1228 257 1250 284 a
1282 244 1378 286 Deo
1404 241 1538 284 >facta

113 313 327 370 coniugii,
362 311 482 369 quod
515 312 561 353 in
597 311 681 353 hoc
716 311 854 353 altero
889 326 990 353 casu
1027 310 1212 355 habetur
1246 311 1376 355 totalis
1411 311 1536 354 abru-

105 387 189 444 ptio
223 382 391 428 vinculi
425 382 655 437 maritalis,
689 383 734 424 in
769 382 908 438 priori
941 397 1046 424 vero
1080 397 1181 425 casu
1218 382 1404 426 habetur
1431 391 1536 440 par*-

111 456 218 500 tialis
253 454 452 513 quaedam
484 454 713 510 temperatio
748 468 823 494 seu
859 452 1048 510 aliqualis
1083 453 1283 496 relaxatio
1338 452 1536 496 eiusdem

111 525 294 570 vinculi.
321 523 510 579 Scilicet,
546 521 602 565 ob
627 538 882 579 supremam
904 522 1225 566 dominativam
1250 535 1532 581 potestatem,

113 612 245 655 quam
282 597 402 638 Deus
438 592 569 636 habet
602 594 645 635 in
674 608 838 634 *omnes
875 604 915 635 et
950 609 1081 649 super
1126 595 1291 650 omnia,
1326 591 1536 651 quemad—

114 666 301 709 modum
336 676 482 722 potest
517 680 566 706 ex
592 672 666 706 toto
700 665 875 706 irritum
914 664 1094 707 reddere
1129 678 1409 708 contractum
1444 681 1535 707 ma-

113 738 301 788 sitalem,
354 738 412 779 ita
445 747 591 793 potest
628 734 859 777 infirmum
914 752 989 777 seu
1047 752 1234 779 vacuum
1270 736 1451 779 reddere
1485 753 1536 778 ex

107 818 236 868 parte.
272 810 393 852 Deus
428 808 564 863 igitur
600 805 777 864 quando
831 808 1210 850 matrimonialem
1255 820 1535 851 contractum

113 881 331 936 dissolvit,
368 880 509 936 privat
546 891 788 935 utrumque
824 880 1063 935 coniugem
1088 892 1307 936 potestate
1333 895 1466 937 quam
1492 880 1535 923 in

112 952 291 995 alterius
327 965 488 1006 corpus
524 947 670 1004 habet,
705 961 746 991 et
780 950 840 990 sic
877 950 1053 1006 utrique
1088 950 1291 993 concedit
1326 963 1372 993 ut
1400 967 1534 994 novas

112 1026 261 1067 ineant
295 1023 485 1079 nuptias,
523 1021 717 1074 Quando
752 1037 857 1064 vero
892 1022 1193 1079 poligamiam
1228 1025 1445 1080 permisit,
1470 1040 1535 1067 re-

112 1095 242 1152 liquit
292 1093 420 1136 uxori
470 1104 738 1149 potestatem
788 1093 832 1135 in
882 1108 1043 1150 corpus
1099 1094 1194 1147 viri,
1245 1110 1335 1137 non
1386 1107 1534 1138 tamen

113 1166 288 1224 plenam
323 1163 397 1207 sed
432 1165 734 1206 imminutam.
761 1164 995 1207 Concessit
1030 1166 1148 1207 enim
1184 1166 1294 1221 viro,
1331 1178 1378 1209 ut
1411 1179 1534 1223 pote-

111 1250 269 1280 statem
289 1238 358 1279 sui
382 1237 581 1293 corporis
597 1235 910 1279 daretmulieri
936 1238 1026 1287 uni,
1047 1236 1210 1294 absque
1237 1239 1534 1281 reservatione

112 1323 202 1351 non
236 1306 439 1350 tradendi
472 1307 612 1363 alteri,
646 1323 721 1350 seu
759 1323 860 1350 cum
897 1308 992 1350 iure
1027 1307 1158 1351 dandi
1208 1309 1340 1351 etiam
1394 1309 1533 1352 alteri.

111 1381 174 1423 Ex
188 1396 276 1438 quo
290 1379 456 1422 factum
476 1391 555 1434 est,
576 1392 623 1422 ut
638 1380 702 1422 vir
716 1380 887 1437 priores
903 1381 1078 1437 nuptias
1094 1382 1151 1423 ita
1172 1381 1470 1437 contraheret,
1487 1394 1535 1424 ut

109 1452 237 1495 locus
251 1463 365 1494 esset
390 1450 595 1495 secundis
621 1452 788 1508 nuptiis
813 1467 859 1493 ac
880 1452 1036 1507 tertiis,
1053 1452 1096 1493 in
1117 1467 1311 1509 quorum
1332 1453 1534 1509 singulis,

111 1525 251 1566 sinon
266 1523 394 1580 plena
414 1524 659 1580 integritas,
675 1536 791 1566 certe
817 1525 980 1566 mansit
1005 1525 1154 1566 stricta
1170 1525 1359 1567 essentia
1383 1525 1533 1567 matri-

110 1595 269 1636 moniii
293 1595 354 1637 Re
380 1593 463 1636 hoc
483 1592 619 1637 modo
638 1595 877 1650 intellecta,
904 1594 1153 1652 difficultas,
1177 1612 1286 1653 quae
1309 1595 1533 1651 obiicitur,

110 1680 200 1707 non
236 1664 365 1707 habet
399 1665 616 1707 maiorem
651 1667 741 1708 vim
776 1665 920 1723 quoad
957 1668 1189 1721 unitatem,
1226 1683 1359 1724 quam
1385 1667 1533 1725 quoad

110 1735 564 1779 indissolubilitatem:
600 1752 645 1779 ac
681 1736 867 1794 proinde
902 1753 1011 1794 quae
1047 1737 1098 1780 de
1134 1738 1211 1781 hac
1232 1738 1440 1795 diximus,
1470 1738 1533 1781 illi

110 1808 242 1850 etiam
277 1806 422 1850 debita
458 1823 558 1850 cum
596 1807 888 1866 proportione
923 1809 1214 1866 applicentur.

199 1879 345 1921 Dices:
382 1879 608 1936 pluralitas
644 1896 852 1935 uxorum,
887 1882 1087 1937 quamvis
1124 1896 1331 1923 concessa
1365 1880 1532 1938 abipso

110 1951 222 2005 Deo,
242 1961 391 1992 tamen
407 1962 553 2007 potest
572 1967 722 1994 secum
743 1951 894 1993 afferre
917 1965 957 1993 et
979 1952 1237 1994 naturaliter
1257 1952 1379 1995 affert
1394 1952 1533 1994 multa

112 2021 412 2066 incommoda:
440 2039 615 2081 semper
642 2022 964 2080 impedimento
1000 2036 1064 2065 est
1099 2025 1384 2066 convenienti
1418 2039 1532 2066 asse—

110 2091 281 2133 cutioni
313 2089 412 2133 finis
448 2091 711 2134 secundarii.
748 2118 799 2122 —-
837 2091 1117 2148 Respondet),
1137 2092 1254 2135 aliud
1289 2109 1382 2135 esse
1409 2092 1532 2150 loqui

111 2161 163 2205 de
200 2164 296 2220 ipso
333 2177 514 2207 auctore
549 2177 746 2219 naturae,
781 2166 823 2206 in
860 2166 983 2207 cuius
1019 2164 1215 2207 officium
1271 2166 1527 2207 institutum

110 2246 175 2276 est
211 2236 491 2293 coniugium,
542 2248 583 2278 et
617 2235 733 2278 aliud
770 2251 863 2277 esse
899 2236 1019 2293 loqui
1055 2235 1106 2278 de
1143 2235 1418 2292 hominibus,
1454 2237 1529 2294 qui

110 2307 371 2363 coniugium
392 2308 562 2350 ineunt.
593 2309 664 2363 Hi,
690 2306 867 2364 quando
892 2308 1232 2351 matrimonium
1258 2307 1530 2351 contrahunt

109 2377 177 2419 vel
212 2378 255 2419 in
291 2391 522 2421 contracto
558 2380 849 2421 matrimonio
884 2377 1139 2434 perdurant,
1173 2395 1221 2421 ea
1256 2378 1417 2422 debent
1466 2379 1528 2421 vi-

109 2460 200 2493 tare
236 2464 346 2507 quae
381 2451 424 2493 in
460 2449 672 2494 damnum
695 2466 769 2491 seu
791 2449 1110 2508 praeiudicium
1142 2462 1323 2494 naturae
1358 2449 1527 2493 cedant.

1395 2536 1413 2567 b*
