1705 2787
714 54 944 108 —67.-„

109 157 204 200 rino
235 155 316 215 (1):
351 155 526 199 duarum
557 156 802 201 idonearum
833 174 1105 216 personarum
1137 159 1348 217 legitimus
1371 159 1421 203 de
1446 175 1542 202 con-

110 228 320 270 iunctione
353 242 598 269 consensus:
632 228 677 270 de
710 231 996 282 soizizmctione,
1028 231 1228 273 nimirum
1259 230 1437 289 (locutio
1484 243 1544 273 est

112 298 226 340 enim
247 297 508 355 explicanda)
531 298 579 342 de
602 300 868 343 translatione
891 300 1067 344 dominii
1089 303 1131 344 in
1154 303 1371 358 proprium
1394 316 1543 358 corpus

108 369 150 412 in
184 368 329 411 ordine
363 368 414 412 ad
446 371 775 425 generationem,
810 372 917 414 unde
960 373 1199 415 coniunctio
1241 388 1312 415 seu
1353 371 1541 415 maritale

108 439 322 482 vinculum
355 442 551 498 exsurgit,
586 442 628 483 in
661 434 744 498 quo
777 443 944 485 vinculo
978 445 1295 487 matrimonium
1329 459 1473 486 revera
1495 445 1538 487 in

105 511 216 554 facto
249 527 335 554 esse
369 513 568 555 consistit.
603 514 712 555 Hinc
745 513 817 556 sub
851 517 979 571 priori
1003 527 1187 572 respectu
1221 517 1542 558 matrimonium

107 581 300 626 definitur
321 582 402 641 (2)
427 584 505 626 viri
528 594 567 626 et
591 583 774 626 mulieris
798 587 1036 629 coniunctio
1070 587 1266 629 maritalis
1302 588 1407 629 inter
1439 586 1540 643 legi-

104 655 226 696 timas
267 669 479 710 personas,
512 653 771 698 individuam
804 657 911 698 vitae
960 657 1304 700 consuetudinem
1352 673 1532 700 servans.

105 725 239 767 Huius
263 724 515 768 definitionis
546 725 710 782 singula
743 727 866 768 verba
899 727 1190 784 perpendenda
1222 741 1328 771 sunt.

192 796 367 848 Dicitur,
398 798 481 839 viri
512 805 543 839 e!
578 798 767 840 wanlicris.
805 824 856 828 —
892 799 1055 850 Quibus
1098 799 1230 842 ⁷verbis
1272 801 1531 857 exprimitur,

103 882 299 926 quaenam
335 871 408 911 rint
436 877 626 926 personae
670 870 950 912 s()llll'tl¹)r'llir⁷5.
995 870 1066 913 llla
1110 872 1235 913 etiam
1282 873 1537 915 matrimonii

103 942 180 986 dos
212 944 453 996 insinuatur,
489 958 591 999 quae
626 944 667 985 in
700 945 850 985 unitate
884 946 1083 997 consistit,
1118 957 1157 986 et
1190 944 1359 1001 quidem
1381 946 1537 988 unitate

105 1034 157 1060 ex
189 1029 302 1074 parte
334 1018 544 1074 utriusque
577 1018 780 1073 coniugis.

192 1090 398 1147 Sequitur,
433 1090 666 1131 coniunctio.
703 1115 755 1118 —
791 1088 923 1131 Multa
957 1090 997 1130 in
1041 1089 1311 1130 matrimonio
1350 1087 1533 1145 perfecto

101 1162 379 1218 reperiuntur:
414 1175 636 1202 consensus
664 1161 862 1207 internus,
886 1161 1023 1215 pactio
1047 1172 1213 1201 externa
1238 1158 1366 1201 vei-bis
1390 1159 1531 1202 aliisve

98 1233 228 1289 signis
261 1247 461 1288 expressa,
487 1230 687 1288 obligatio
711 1247 781 1273 seu
804 1231 1017 1272 vinculum
1040 1247 1089 1272 ex
1112 1230 1317 1287 praedicta
1344 1232 1535 1287 pactione

103 1315 258 1357 ortum,
278 1303 488 1359 copulatio
512 1304 741 1359 coniugum
765 1318 843 1359 qua
867 1303 1185 1344 matrimonium
1206 1314 1532 1345 consummatur.

99 1374 163 1416 Ex
194 1373 258 1416 his
290 1373 404 1427 illud,
449 1372 563 1430 quod
606 1374 863 1415 matrimonii
908 1374 993 1414 vini
1038 1385 1077 1415 et
1120 1374 1327 1415 rationem
1368 1374 1535 1429 proprie

100 1445 236 1499 habet,
271 1457 329 1488 est
379 1445 579 1503 obligatio
623 1445 691 1488 illa
729 1461 799 1487 seu
844 1444 908 1487 ille
951 1461 1093 1498 nexus,
1139 1447 1208 1502 qui
1252 1447 1534 1488 coniunctionis

100 1515 306 1559 vocabulo
339 1516 571 1560 denotatur.
607 1543 660 1546 —
695 1516 851 1567 Quare,
886 1517 1057 1558 essentia
1080 1517 1339 1558 matrimonii
1364 1518 1404 1558 in
1423 1517 1535 1573 facio

97 1601 175 1630 esse
207 1586 455 1630 considerati
487 1602 574 1629 non
606 1588 792 1630 consistit
825 1588 990 1643 proprie
1024 1588 1063 1628 in
1098 1601 1305 1629 strumensis:
1332 1586 1398 1629 hic
1422 1588 1534 1629 enim

98 1669 160 1700 est
191 1673 311 1700 causa
342 1659 465 1715 ipsius
497 1657 692 1700 effectrix,
717 1659 865 1714 Neque
897 1656 1041 1700 eadem
1072 1659 1240 1714 proprie
1275 1659 1460 1700 consistit
1492 1659 1533 1701 in

97 1743 194 1771 usu:
229 1729 295 1772 hic
326 1741 465 1786 potest
497 1730 675 1786 separari
709 1745 729 1771 a
763 1728 953 1771 dominio
986 1744 1055 1770 seu
1092 1740 1308 1785 potestate,
1334 1744 1458 1785 quam
1491 1730 1533 1771 in

97 1802 316 1858 proprium
344 1817 492 1858 corpus
515 1802 712 1858 coniuges
735 1817 808 1857 per
832 1816 1083 1842 consensum
1103 1800 1235 1842 vei-bis
1259 1800 1308 1843 de
1330 1801 1533 1856 praesenti

97 1888 338 1931 expressum
363 1874 437 1918 sibi
460 1876 642 1918 invicem
673 1874 838 1918 tradunt
870 1873 952 1933 (3).

187 1945 470 2004 Subiungitur‚
506 1947 716 1990 maritalis.
753 1972 805 1976 —
842 1946 962 1997 Quae
997 1961 1079 1987 vox
1113 1945 1288 1999 additur,
1322 1957 1365 1987 ut
1405 1960 1531 2001 sepo-

96 2028 248 2060 nantur
279 2017 357 2061 alia
377 2020 619 2076 pactionum
642 2034 808 2075 genera,
834 2016 978 2074 quibus
1001 2018 1077 2059 viri
1102 2029 1141 2059 et
1166 2017 1359 2059 mulieres
1392 2016 1531 2059 solent

167 2201 225 2247 (1)
252 2202 308 2237 De
335 2214 482 2237 sacram.
510 2202 532 2236 l.
560 2203 604 2237 II.
631 2214 662 2247 p.
691 2202 734 2235 II.
763 2212 791 2234 c.
820 2211 853 2243 4.

167 2260 223 2306 (2)
249 2260 347 2296 Haec
374 2261 536 2296 definitio
564 2269 616 2295 est
642 2261 800 2305 Magistri
830 2260 1099 2302 sententiarum,
1127 2261 1162 2294 in
1189 2268 1255 2303 ψῃ]
1288 2260 1381 2294 dist..
1402 2271 1441 2302 1.,
1473 2260 1529 2294 vel

93 2320 211 2365 potius
237 2321 369 2356 codicis
388 2322 621 2356 iustinianaei.
642 2341 684 2346 —
712 2321 799 2354 Eam
827 2319 909 2354 fecit
945 2333 1044 2354 suam
1085 2321 1232 2355 Catech.
1259 2321 1378 2361 Rom„
1406 2320 1426 2354 l.
1455 2321 1526 2362 cit„

93 2380 240 2415 brevem
267 2380 400 2415 addens
427 2390 461 2415 et
489 2380 618 2415 claram
646 2379 931 2424 explicationem,
959 2380 1013 2414 cui
1040 2391 1105 2414 nos
1131 2380 1375 2414 adhaeremus.

165 2439 222 2486 (3)
249 2439 304 2475 Cf.
332 2441 502 2482 Perrone,
529 2439 634 2486 prael.
662 2438 771 2473 theol.
801 2439 854 2472 de.
871 2451 956 2473 sacr.
986 2448 1085 2474 matr.
1114 2440 1155 2474 ab
1184 2441 1257 2474 init.
