1705 2787
775 46 1006 89 -53-

180 150 355 207 obligari
388 150 437 193 ad
471 162 659 192 mutuam
705 165 875 207 operam
917 150 992 193 sibi
1034 151 1333 207 praestandam,
1378 151 1444 195 vel
1486 153 1605 209 pretii

180 222 333 265 scilicet
366 221 429 264 vel
463 222 626 264 alterius
660 223 718 264 rei
750 237 881 264 causa.
931 222 974 264 Si
1016 237 1096 278 qua
1126 238 1176 265 ex
1224 223 1463 267 huiusmodi
1509 239 1606 267 con-

179 293 372 336 tractibus
419 305 590 349 exurgat
639 294 751 346 unio,
802 292 901 335 haec
950 304 1089 336 tamen
1136 309 1223 336 non
1265 307 1325 337 est
1372 294 1453 348 illa,
1502 310 1607 352 quae

181 365 423 421 coniugium
456 363 694 420 appellatur.

268 436 340 478 Illa
373 434 518 478 deinde
551 434 756 477 adduntur
787 433 924 488 verba,
959 435 1064 478 inter
1096 435 1291 493 legitimas
1317 445 1520 495 personas.
1549 462 1604 467 —

179 507 311 561 Leges
357 507 468 548 enim
516 521 538 547 a
585 505 762 548 maritali
811 506 1105 548 coniunctione
1154 508 1329 550 omnino
1382 506 1605 550 excludunt

181 577 362 633 aliquos:
395 592 429 617 e.
463 592 503 632 g.
537 591 608 617 eos
641 576 711 632 qui
743 576 851 618 intra
882 587 1075 632 quartum
1096 575 1273 632 gradum
1299 578 1604 634 propinquitate

180 658 273 688 sunt
304 647 525 698 coniuncti,
559 647 741 703 itemque
788 661 965 703 puerum
1013 658 1105 689 ante
1154 646 1367 690 decimum
1413 659 1606 704 quartum

182 733 350 770 annum,
382 717 561 774 puellam
595 729 688 760 ante
721 717 1030 762 duodecimum.
1064 718 1120 760 Hi
1150 720 1466 762 matrimonium
1506 720 1609 762 inire

182 804 268 831 non
300 802 494 844 possunt:
528 789 561 830 si
593 789 745 840 ineant,
778 789 1099 831 matrimonium
1129 804 1216 831 non
1248 801 1307 832 est
1338 789 1536 833 validum.

273 858 467 901 Tandem
500 858 660 911 dicitur,
691 858 942 902 individuam
965 861 1070 902 vitae
1093 860 1408 902 consuetudinem
1429 874 1609 903 servans.

186 955 236 959 ——
273 929 392 981 Quae
424 928 548 972 verba
580 929 799 982 declarant,
833 929 915 972 hoc
947 946 1034 972 esse
1067 930 1263 973 maritalis
1305 930 1426 973 huius
1458 931 1611 974 vinculi

183 1001 412 1056 proprium,
446 1000 636 1043 videlicet
670 1000 782 1058 quod
816 1002 865 1043 sit
899 1000 1067 1043 firmum
1100 1014 1221 1059 atque
1254 1002 1528 1046 indissolubile.

280 1083 371 1126 124.
405 1071 640 1115 SCHOLION.
665 1071 732 1115 Ad
755 1087 814 1125 ea,
840 1086 942 1128 quae
967 1071 1162 1124 diximus,
1189 1072 1439 1127 illustranda,
1463 1076 1610 1117 iuverit

184 1142 319 1199 aliqua
350 1141 560 1185 adnotare.

273 1217 302 1260 I.
335 1217 383 1260 In
415 1232 499 1273 quo
530 1219 697 1274 proprie
730 1218 925 1260 consistat
955 1229 1099 1260 natura
1131 1230 1171 1260 et
1203 1219 1308 1260 ratio
1337 1219 1610 1273 matrimonii,

184 1289 226 1331 in
246 1288 357 1345 facto
381 1302 455 1330 csse
477 1288 737 1341 considerati,
757 1288 948 1332 diximus:
969 1289 1010 1330 in
1032 1288 1199 1331 vinculo
1219 1289 1393 1332 maritali
1411 1291 1610 1333 consistit.

189 1358 412 1402 Consensns
426 1370 483 1401 est
495 1357 677 1401 effectrix
695 1358 801 1401 illius
818 1358 971 1401 vinculi
989 1374 1119 1402 causa:
1134 1375 1268 1416 neque
1286 1362 1397 1403 enim
1410 1360 1611 1418 obligatio

185 1430 253 1473 illa
283 1446 353 1472 seu
386 1430 452 1473 ille
484 1446 612 1472 nexus
641 1442 777 1487 potest
810 1430 972 1474 aliunde
996 1431 1108 1483 oriri,
1134 1446 1259 1488 quam
1283 1448 1305 1473 a
1327 1433 1516 1488 pactione
1538 1448 1611 1475 seu

185 1517 400 1544 consensu.
434 1502 513 1543 Hic
545 1516 672 1558 porro
705 1516 942 1555 consensus,
967 1514 1010 1544 ut
1033 1502 1158 1544 talem
1180 1504 1266 1545 rim
1300 1503 1458 1557 habeat,
1489 1502 1610 1547 debet

185 1588 272 1616 esse
306 1574 501 1623 internus,
533 1581 732 1624 extortum,
763 1572 809 1614 de
833 1575 1049 1631 praesenti,
1072 1582 1250 1625 muttum,
1271 1573 1506 1617 deliberatus
1526 1572 1611 1632 (Ι).

188 1670 241 1675 ——
275 1643 319 1701 a)
349 1644 452 1686 Non
482 1642 631 1685 sufficit
660 1658 880 1685 consensus
913 1645 1093 1697 interior,
1129 1643 1200 1687 sed
1240 1646 1461 1701 requiritur
1503 1660 1611 1687 con-

187 1730 326 1758 sensus
358 1716 529 1757 exterior
560 1713 692 1757 verbis
724 1714 813 1773 (aut
846 1714 1096 1772 quandoque
1128 1716 1355 1758 verborum
1386 1715 1481 1759 loco
1528 1731 1611 1758 nu-

187 1786 293 1830 tibus
325 1786 464 1829 aliisve
482 1785 642 1843 signis),
661 1802 764 1842 quae
783 1788 977 1829 intimum
995 1802 1244 1829 consensum
1261 1799 1398 1844 aperte
1416 1786 1610 1840 indicent,

188 1873 412 1914 expressus.
448 1883 500 1888 —
535 1857 577 1915 h)
609 1858 743 1900 Porro
778 1870 955 1914 oportet,
998 1870 1042 1900 ut
1090 1873 1311 1900 consensus
1359 1859 1611 1915 exprimatur

189 1927 322 1972 verbis
353 1929 399 1972 de
427 1931 636 1987 praesenti,
670 1931 695 1972 i.
729 1945 764 1972 e.
798 1945 901 1986 quae
932 1930 1156 1986 praesentis
1189 1931 1387 1986 temporis
1410 1928 1612 1986 significa-

188 2001 348 2043 tionem
370 2000 558 2043 habeant.
578 2002 691 2044 Nam
713 2002 1029 2043 matrimonium
1050 2015 1138 2042 non
1159 2013 1218 2042 est
1240 1999 1415 2057 simplex
1438 2000 1611 2043 donatio

189 2084 256 2112 aut
288 2070 397 2114 nuda
442 2072 678 2128 promissio,
712 2071 785 2115 sed
833 2070 1091 2124 abalienatio,
1126 2086 1205 2128 qua
1253 2072 1315 2112 vir
1362 2070 1527 2113 mulieri
1571 2083 1611 2113 et

190 2141 371 2183 vicissim
402 2141 549 2183 mulier
580 2143 671 2184 viro
704 2153 950 2198 potestatem
982 2142 1043 2183 sui
1077 2142 1262 2198 corporis
1304 2141 1434 2197 reipsa
1474 2140 1612 2184 tradit.

192 2211 333 2263 Quare
365 2210 510 2264 verbis,
544 2227 646 2268 quae
669 2224 830 2269 tempus
853 2211 1037 2254 futurum
1057 2211 1302 2268 significent,
1327 2226 1414 2254 non
1438 2210 1612 2253 efficitur

261 2370 317 2414 (1)
345 2368 399 2404 Cf.
415 2381 527 2414 super.
548 2369 617 2403 vol.
632 2370 674 2403 II.
695 2370 783 2404 thes.
803 2370 970 2411 XXVII„
989 2369 1024 2403 in
1042 2381 1109 2415 qua
1135 2369 1178 2403 de
1205 2371 1433 2404 con-tractibus
1461 2370 1613 2416 egimus,

192 2437 225 2462 ct
251 2428 433 2474 speciatim
460 2428 503 2462 de
530 2440 686 2463 consensu
712 2429 754 2462 ad
782 2437 1028 2463 contractuum
1054 2428 1274 2462 validitatem
1302 2429 1478 2474 requisito.
