1705 2787
791 70 1021 124 „45-

194 176 331 234 quoad
366 178 552 219 animum
586 189 674 218 tum
717 174 853 231 quoad
902 190 1050 231 corpus
1093 172 1380 217 obtinendum.
1411 199 1463 204 ——
1492 173 1617 218 Hinc,

191 261 233 290 ut
266 264 296 290 s.
334 247 526 289 Thomas
558 247 627 305 (Ι)
659 246 792 298 docet,
829 245 1022 288 homines
1055 247 1097 288 in
1130 258 1236 288 statu
1268 248 1391 289 ctiam
1424 248 1619 289 innocen-

189 320 268 360 tiae
300 317 502 360 socialiter
535 318 742 358 vixissent:
776 329 814 358 et
848 332 942 359 cum
974 318 1146 360 societas
1178 317 1263 358 sine
1286 317 1453 373 propria
1480 328 1618 359 aucto-

189 390 305 431 ritate
338 400 513 444 nequeat
546 388 782 438 consistere,
818 386 1053 430 dominium
1093 388 1199 446 (quo
1241 389 1330 445 quis
1378 387 1616 431 dominatur

191 459 305 502 alteri
338 471 379 500 ut
413 458 555 511 libero,
589 474 685 500 eum
718 457 935 513 dirigendo
969 458 1019 501 ad
1052 460 1267 515 proprium
1300 460 1424 516 ipsius
1456 458 1616 502 bonum

189 531 256 574 vel
290 531 339 574 ad
372 529 529 572 bonum
563 528 808 586 commune)
840 529 1023 571 hominis
1066 529 1116 573 ad
1158 530 1375 574 hominem
1422 532 1463 574 in
1510 520 1615 573 statu

190 604 315 645 ctiam
347 601 606 643 innocentiae
640 599 793 642 fuisset.

343 688 378 728 ς.
411 670 642 714 Hobbesius
676 671 839 713 civilem
873 672 1159 714 auctoritatem
1192 672 1272 714 hoc
1304 672 1472 715 tandem
1494 684 1616 729 pacto

189 744 393 799 concipit:
428 743 647 785 auctoritas
680 742 849 798 politica
880 755 940 784 est
972 742 1160 785 cumulus
1181 759 1253 785 seu
1275 759 1438 785 summa
1465 744 1617 785 iurium

189 831 259 857 seu
292 826 556 871 potestatum,
591 812 735 870 quibus
768 814 869 855 socii
902 815 1087 856 instructi
1118 814 1301 868 fuissent,
1336 815 1368 856 si
1411 825 1525 856 extra
1566 815 1617 855 ci-

189 886 316 928 vilem
348 886 589 927 societatem
634 884 735 926 nulli
777 884 945 927 subiecti
976 886 1208 928 auctoritati
1240 886 1434 928 vixissent
1467 886 1508 927 in
1555 900 1617 937 ea,

190 972 292 1013 quae
325 955 590 1012 confingitur,
625 955 865 998 conditione
898 971 968 998 seu
1000 967 1105 998 statu
1138 969 1318 1000 naturae.
1354 955 1512 999 Omnia
1544 971 1616 998 sua

190 1029 275 1069 iura
326 1042 580 1083 omnemque
628 1042 743 1068 suam
790 1028 1265 1083 potestatem‘privatus
1306 1028 1477 1083 quisque
1510 1025 1617 1069 cedit

190 1114 234 1140 ac
267 1098 426 1140 confert
458 1099 500 1140 in
532 1113 659 1140 unam
691 1113 925 1154 personam:
960 1097 1114 1140 horum
1147 1099 1337 1140 omnium
1375 1098 1526 1140 iurium
1572 1098 1615 1140 in

189 1170 266 1212 hac
298 1186 377 1212 una
409 1185 586 1227 persona
618 1170 877 1212 coacervatio
924 1181 983 1212 est
1015 1181 1195 1226 potestas
1241 1169 1422 1226 politica.
1452 1194 1505 1199 -—
1535 1167 1616 1211 Sed

188 1244 294 1285 inter
316 1243 415 1294 iura,
440 1257 543 1298 quae
567 1241 676 1283 civili
699 1241 931 1282 auctoritati
954 1251 1209 1296 competunt,
1234 1251 1293 1282 est
1325 1240 1385 1281 ius
1401 1238 1615 1297 puniendi.

189 1314 337 1370 Neque
381 1312 421 1355 id
462 1324 587 1369 negat
630 1310 875 1353 Hobbesius:
914 1310 1118 1367 siquidem
1150 1312 1192 1353 in
1225 1322 1339 1352 metu
1370 1325 1615 1366 poenarum,

189 1396 227 1426 et
244 1399 400 1440 poenae
419 1384 543 1425 etiam
561 1384 720 1435 mortis,
735 1397 859 1438 quem
871 1382 1057 1438 princeps
1076 1382 1233 1434 incutit,
1252 1380 1440 1423 fraenum
1457 1381 1614 1423 invenit

190 1470 235 1497 ac
267 1453 498 1497 remedium
530 1465 673 1495 contra
704 1452 932 1495 naturalem
965 1452 1187 1494 hominum
1232 1452 1459 1508 nequitiam
1492 1463 1531 1493 et
1564 1451 1614 1494 ad

189 1527 355 1568 iniurias
408 1523 638 1567 inferendas
690 1523 1009 1581 proclivitatem.
1061 1524 1252 1566 Iamvero
1298 1524 1480 1580 privatus
1526 1538 1614 1566 non

189 1596 310 1639 habet
343 1598 403 1639 ius
434 1595 630 1653 puniendi
663 1595 777 1648 alios,
810 1611 945 1652 neque
978 1594 1028 1638 ad
1062 1610 1133 1637 eos
1166 1593 1449 1651 corrigendos,
1482 1610 1616 1652 neque

190 1667 241 1711 ad
263 1680 422 1710 ceteros
455 1666 734 1720 deterrendos,
764 1682 895 1723 neque
918 1666 966 1710 ad
990 1666 1191 1709 violatum
1223 1665 1413 1709 ordinem
1444 1665 1617 1709 redinte-

190 1737 411 1795 grandum:
445 1739 501 1779 sic
533 1739 644 1779 enim
678 1737 916 1781 dividuntur
936 1753 1108 1794 poenae,
1134 1738 1175 1779 in
1192 1737 1450 1790 medicinales,
1475 1752 1614 1779 exem-

182 1809 331 1867 plares,
364 1810 601 1866 expiatorias
633 1807 714 1866 (2).
747 1808 891 1850 Potest
939 1806 1158 1851 defendere
1206 1823 1248 1850 se
1296 1822 1341 1850 ac
1388 1806 1497 1849 bona
1543 1823 1614 1849 sua

191 1892 335 1922 contra
366 1881 563 1921 iniustum
595 1894 896 1935 aggressorem:
929 1890 1065 1935 potest
1097 1877 1263 1933 exigere
1310 1877 1614 1918 restitutionem

190 1966 259 1992 seu
292 1951 598 2006 reparationem
632 1949 774 1992 damni
807 1949 919 1992 illati.
953 1948 1047 2002 Sed,
1081 1960 1124 1990 ut
1156 1948 1237 1990 alio
1270 1947 1365 1990 loco
1403 1947 1472 2005 (3)
1514 1946 1615 1990 dixi-

191 2036 296 2073 muS,
338 2021 517 2077 [infensio
565 2033 708 2063 contra
756 2022 952 2062 iniustum
995 2033 1285 2076 aggressorem
1329 2030 1369 2060 et
1415 2019 1613 2076 reparatio

192 2090 332 2133 damni
364 2090 463 2132 illati
496 2089 688 2134 differunt
731 2107 753 2133 a
776 2092 983 2149 punitione
1024 2106 1095 2132 Seu
1141 2104 1299 2146 poena:
1348 2090 1509 2146 punitio
1552 2100 1613 2130 est

262 2216 318 2260 (ι)
344 2217 385 2249 In
416 2226 443 2249 1.
471 2227 502 2260 p.
531 2227 562 2261 q.
591 2216 645 2262 96.
673 2228 702 2250 a.
718 2226 749 2258 4.

260 2275 316 2319 (2)
343 2274 397 2309 Cf.
425 2286 537 2319 super.
566 2275 636 2308 vol.
665 2276 689 2308 Ι.
719 2276 807 2309 thes.
836 2275 966 2310 XLVI.
993 2286 1071 2320 pag.
1102 2273 1178 2318 365.

262 2334 318 2378 (3)
346 2333 400 2368 Cf.
427 2345 540 2378 super.
568 2334 638 2367 vol.
664 2335 707 2367 II.
736 2335 825 2368 thes.
853 2335 932 2368 VII.
960 2334 1167 2379 praesertim
1194 2332 1318 2374 schol„
1344 2332 1401 2366 ubi
1428 2333 1493 2366 hac
1512 2333 1555 2367 de
1574 2345 1613 2368 re

191 2393 354 2427 diximus.
384 2393 476 2427 Vide
504 2394 611 2427 etiam
639 2394 708 2427 vol.
736 2395 761 2427 Ι.
794 2406 871 2439 pag.
912 2405 990 2438 252.
1030 2393 1149 2427 adnot.
1178 2403 1222 2433 2.,
1260 2393 1317 2426 ubi
1356 2393 1514 2435 traditur,
1552 2405 1614 2427 cur

195 2467 212 2486 ‹<
234 2454 432 2500 praemisum
457 2464 531 2487 non
557 2454 699 2498 ponitur
724 2462 821 2488 actus
847 2454 936 2500 legis
961 2454 1023 2488 sed
1050 2453 1166 2487 solum
1188 2454 1324 2499 punire.
1352 2466 1370 2484 ))
