1705 2787
163 169 307 228 perdit
325 169 559 226 libertatem,
577 171 771 214 exsilium
785 186 861 229 per
875 170 996 228 quod
1016 169 1365 227 perdiipotriam,
1388 169 1586 212 diutinum

161 257 238 299 per
272 240 393 299 quod
426 240 569 299 perdit
602 242 785 295 divitias,
827 242 1098 300 ignominiam
1148 257 1223 298 per
1258 256 1393 299 quam
1442 238 1585 297 perdit

160 313 350 371 gloriam.

251 385 333 444 2.⁰)
366 385 542 442 Duplex
575 401 710 442 porro
744 399 810 429 est
842 399 998 442 status,
1034 387 1077 429 in
1112 402 1203 444 quo
1228 401 1371 444 poena
1394 385 1586 442 spectari

163 456 308 513 debet,
343 456 452 499 alter
486 456 832 501 determinationis
867 474 942 501 seu
979 459 1320 514 comminationis,
1354 456 1451 500 aliar
1477 458 1584 499 irro-

159 528 337 585 gationis
372 542 448 570 seu
483 529 768 571 exsecutionis.
795 530 944 582 Quem
972 528 1196 586 duplicem
1222 544 1390 586 poenae
1413 539 1583 570 statum

160 612 259 656 apte
293 615 326 642 s.
363 598 567 642 Thomas
615 598 864 657 distinguit,
910 600 985 643 ubi
1020 601 1077 643 ait
1127 599 1222 658 (1):
1262 601 1413 643 «Non
1464 599 1582 641 enim

160 685 330 728 poenae
364 683 469 713 sunt
502 670 554 713 ad
579 663 904 714 correctionem
930 672 1078 714 solum
1097 671 1277 729 quando
1297 671 1586 728 infliguntur,

160 741 234 784 sed
270 742 404 784 etiam
439 742 620 800 quando
655 741 1026 786 determinantur.
1056 761 1075 783 ))

248 814 329 872 3.⁰)
363 814 479 856 Hinc
513 826 663 857 autem
697 827 843 872 potest
877 815 989 858 solvi
1023 817 1223 873 quaestio
1248 814 1300 858 de
1324 814 1584 873 causafinali

159 900 340 943 poenae.
376 912 429 917 —
463 886 507 928 Si
542 902 682 943 poena
717 886 1023 929 consideretur
1058 889 1101 929 in
1126 900 1242 930 statu
1269 887 1582 929 comminatio-

159 957 241 1012 nis,
276 972 356 1014 pro
391 955 479 999 fine
514 956 645 1000 habet
679 956 881 1000 subditos
901 958 1123 1001 retrahere
1143 974 1165 1000 a
1189 958 1430 1001 violatione
1456 957 1579 1014 legis.

159 1054 211 1058 —
247 1028 324 1070 Sin
358 1040 507 1071 autem
547 1040 769 1085 spectetur
804 1030 848 1071 in
883 1041 999 1071 statu
1049 1028 1325 1084 inflictioniS,
1361 1041 1466 1071 tunc
1501 1026 1581 1070 du-

158 1099 317 1156 plicem
353 1098 483 1142 habet
518 1099 670 1155 finem,
704 1100 839 1143 aliurn
876 1100 1056 1158 quidem
1073 1102 1327 1158 primarium
1351 1113 1392 1143 et
1417 1101 1581 1143 essenti-

156 1170 274 1227 alem,
308 1172 445 1214 alium
480 1186 584 1214 vero
618 1172 925 1214 secundarium.
970 1173 1215 1215 Primarius
1251 1186 1292 1215 et
1336 1173 1580 1215 essentialis

157 1253 222 1284 est
257 1240 577 1299 redintegratio
613 1242 782 1286 ordinis
808 1243 988 1286 moralis
1014 1259 1089 1300 per
1115 1244 1283 1285 crimen
1319 1242 1580 1300 perturbati,

156 1328 232 1355 seu
268 1311 450 1355 admissi
475 1314 674 1356 criminis
700 1314 890 1371 expiatio
915 1313 1001 1372 (2).
1027 1313 1324 1357 Secundarius
1350 1326 1414 1357 est
1439 1314 1580 1357 deter-

157 1398 250 1425 rere
269 1398 289 1425 a
306 1382 400 1440 lege
419 1382 713 1441 infringenda:
734 1384 956 1428 deterrere
972 1398 1119 1428 autem
1137 1401 1227 1428 non
1242 1401 1416 1442 semper
1430 1387 1578 1443 ipsum

226 1573 272 1613 (1)
300 1570 419 1617 Suppl.
448 1583 480 1617 q.
508 1584 562 1618 99.
592 1584 622 1606 a.
654 1583 682 1607 1.
710 1574 763 1607 ad.
794 1578 856 1618 3.¹¹·

223 1629 274 1676 (2)
293 1631 395 1664 Hunc
425 1631 534 1664 finem
561 1631 770 1676 primarium
806 1631 906 1664 multi
936 1643 977 1664 ex
1006 1631 1262 1665 recentioribus
1302 1630 1499 1676 negligunt.
1527 1630 1575 1664 Ut

153 1689 196 1723 de
217 1701 288 1724 uno
316 1698 455 1724 tantum
484 1698 628 1724 auctore
657 1689 857 1735 loquamur,
879 1702 922 1724 en
949 1702 1041 1735 quae
1060 1690 1168 1724 habet
1190 1690 1361 1731 Rebaudi,
1384 1690 1520 1736 lupeno
1541 1690 1577 1723 di

156 1753 261 1782 morte
287 1761 302 1783 e
327 1749 379 1795 gli
405 1751 517 1783 errori
542 1750 748 1795 gizttiiziczli:
780 1763 794 1780 «
814 1751 859 1784 Se
887 1749 919 1784 la
947 1750 1082 1784 societii
1104 1758 1248 1795 potesse
1267 1750 1466 1794 acquistare
1488 1748 1577 1783 altri-

155 1809 266 1844 menti
295 1809 329 1843 la
355 1818 515 1844 certezza
543 1809 711 1852 assoluta,
739 1809 804 1843 che
832 1809 1030 1854 l'impunita
1058 1821 1132 1843 non
1158 1809 1367 1842 influirebbe
1383 1808 1437 1842 sul
1457 1809 1576 1842 rinno-

153 1878 324 1903 vamento
353 1869 408 1903 dei
437 1870 535 1912 reati,
562 1869 780 1914 perderebbe
808 1868 829 1901 il
850 1868 969 1902 diritto
989 1868 1022 1901 di
1042 1868 1229 1912 infliggere
1246 1867 1427 1912 punizioni
1449 1868 1479 1901 ai
1500 1866 1576 1901 col-

153 1927 307 1973 pevoli...
335 1929 383 1962 La
410 1940 501 1973 pena
531 1929 671 1963 avendo
699 1940 761 1973 per
782 1928 853 1973 fine
881 1928 913 1961 di
952 1928 1139 1973 prevenire
1168 1926 1199 1961 la
1239 1927 1489 1972 riproduzione
1517 1925 1573 1960 del

154 1997 265 2031 reato,
294 1988 384 2022 deve
412 1989 596 2023 arrestarsi
624 1999 764 2033 appena
792 1987 893 2021 abbia
932 1987 1123 2031 raggiunto
1151 1995 1278 2031 questo
1318 1986 1468 2027 intento,
1497 1986 1575 2019 cioe

152 2048 296 2093 quando
324 2047 356 2082 la
383 2060 447 2082 sua
473 2049 648 2083 minaccia
676 2049 727 2081 sia
763 2046 1089 2081 sufficientemente
1118 2045 1263 2080 efficace
1293 2057 1364 2079 ecc.
1393 2046 1440 2079 Ut
1468 2054 1576 2090 patet,

153 2119 227 2141 non
254 2108 500 2142 consideratur
527 2109 593 2142 nisi
621 2120 712 2142 unus
740 2116 878 2141 tantum
906 2106 986 2139 sinis
1013 2118 1163 2151 poenae,
1192 2115 1226 2140 et
1253 2105 1397 2151 quidem
1427 2106 1505 2139 linis
1525 2117 1576 2139 sc-

153 2166 348 2200 ctindarius.
378 2187 420 2192 —
449 2168 640 2202 Deterrere
669 2180 687 2202 a
715 2166 819 2201 simili
849 2165 999 2200 crimine
1027 2165 1276 2211 perpetrando,
1296 2166 1484 2200 restituere
1503 2165 1573 2199 ho-

153 2225 265 2260 nestis
294 2226 429 2261 civibus
456 2226 762 2272 tranquillitatem,
798 2226 959 2260 obtinere
1000 2226 1239 2271 delinquentis
1281 2226 1572 2260 emendationem

154 2285 294 2331 aliaque
321 2285 541 2329 huiusmodi,
569 2296 651 2321 sunt
678 2286 837 2327 effectus,
866 2286 923 2331 qui
952 2295 1103 2330 possunt
1129 2297 1256 2320 omnes
1277 2286 1411 2320 intendi
1430 2287 1466 2320 in
1486 2286 1572 2319 irro-

153 2345 271 2389 ganda
288 2356 416 2390 poena,
445 2357 645 2391 omnesque
673 2346 851 2390 procurari
872 2345 1003 2379 debent
1021 2345 1140 2391 quoad
1161 2346 1235 2379 eius
1257 2345 1332 2379 {ieri
1351 2354 1486 2390 potest:
1510 2345 1572 2378 sed

153 2415 227 2438 non
254 2413 335 2438 sunt
362 2405 561 2439 essentialis
588 2406 679 2439 ratio
706 2406 827 2450 ipsius,
856 2405 903 2439 ita
931 2414 968 2439 ut
995 2417 1112 2450 poena
1133 2405 1259 2439 debeat
1278 2405 1363 2450 ipsis
1383 2416 1573 2439 commen-

153 2465 275 2498 surari.
304 2464 369 2498 Ubi
392 2474 449 2499 aut
471 2464 595 2510 aliquis
623 2465 763 2498 illorum
793 2464 983 2498 effectuum
1014 2474 1071 2498 aut
1100 2465 1206 2499 etiam
1236 2476 1362 2498 omnes
1391 2474 1570 2509 nequeant
