1705 2787
779 68 1040 108 *2226*-

205 172 530 220 determinatur
576 175 682 220 liaec
717 188 910 235 potestas
945 175 997 221 ab
1031 175 1292 222 hominibus
1336 177 1389 223 ad
1422 178 1618 239 aliquem

203 264 254 292 ex
290 248 524 306 praedictis
560 249 706 293 modis
740 250 1093 307 gubernationis,
1120 268 1140 292 »
1178 276 1231 282 —
1265 250 1394 295 Unde
1427 265 1619 311 apparet,

200 337 289 378 quo
314 338 444 364 sensu
472 321 662 365 formam
690 322 1032 366 democraticam
1056 336 1216 367 vocent
1239 323 1428 368 formam
1453 334 1619 369 natura-

199 393 286 436 lem.
307 394 411 437 Non
432 396 491 437 sic
515 411 612 438 eam
631 396 852 453 appellant
872 412 1003 439 sensu
1029 396 1254 453 exclusivo,
1279 412 1327 439 ac
1345 398 1381 440 si
1404 396 1473 441 lex
1491 410 1618 441 natu-

198 467 298 510 ralis
335 469 532 512 reiiceret
557 485 631 512 seu
668 468 923 526 prohiberet
947 470 1050 512 alias
1075 468 1256 526 formas,
1283 481 1325 512 et
1348 471 1617 528 praeciperet

197 553 244 582 ut
269 556 475 596 suprema
509 543 748 585 auctoritas
774 540 1113 584 immutabiliter
1138 554 1395 599 permaneat
1418 543 1463 585 in.
1491 557 1613 586 com-

197 613 429 655 munitate.
466 612 549 656 Sed
584 615 645 657 sic
679 630 775 656 eam
810 613 1031 670 appellant
1065 629 1197 656 sensu
1232 629 1338 656 mere
1370 614 1611 671 affirmante,

193 695 410 739 quatenus
446 685 678 739 nimirum,
716 698 763 728 ut
799 685 961 727 Suarez
1005 683 1078 742 (1)
1113 686 1186 739 ait,
1223 702 1243 724 «
1272 684 1531 728 monarchia
1570 697 1611 728 et

194 756 469 798 aristocratia
503 756 727 804 introduci
763 772 852 799 non
888 768 1133 813 potuerunt
1155 757 1250 798 sine
1275 757 1463 813 positiva
1486 758 1612 801 insti-

194 828 368 870 tutione
388 826 534 870 divina
558 828 625 871 vel
651 827 860 883 humana,
885 829 986 886 quia
1010 828 1101 871 sola
1126 828 1338 871 naturalis
1359 830 1472 872 ratio
1494 830 1611 873 nude

193 913 370 956 sumpta
404 916 494 943 non
529 900 795 944 determinat
830 901 1021 959 aliquam
1057 918 1108 944 ex
1142 901 1268 944 dictis
1293 900 1538 958 speciebus,
1562 914 1610 945 ut

195 973 532 1016 necessariam...
569 974 624 1016 At
660 989 764 1016 vero
815 973 1083 1016 democratia
1119 989 1213 1016 esse
1263 985 1412 1030 posset
1445 972 1609 1031 absque

195 1045 477 1087 institutione
512 1045 714 1101 positiva,
758 1061 805 1086 ex
843 1044 935 1086 sola
984 1044 1171 1087 naturali
1216 1045 1499 1087 institutione
1531 1060 1607 1087 seu

191 1116 493 1159 dimanatione
528 1132 628 1159 cum
665 1116 756 1158 sola
801 1118 1038 1171 negatione
1078 1132 1217 1158 novae
1266 1131 1341 1159 seu
1393 1117 1606 1173 positivae

191 1189 500 1231 institutionis.
529 1207 548 1228 »
571 1190 623 1231 Et
648 1188 779 1245 paulo
816 1187 1022 1231 inferius:
1051 1206 1069 1227 «
1094 1189 1293 1231 Potestas
1329 1187 1449 1243 haec,
1474 1199 1608 1245 prout

190 1277 209 1302 a
247 1262 341 1303 Deo
376 1261 632 1305 immediate
666 1261 795 1304 datur
830 1263 1159 1317 communitati,
1183 1262 1303 1304 iuxta
1324 1260 1511 1304 modum
1542 1261 1606 1305 lo-

191 1331 355 1388 quendi
389 1333 756 1389 Iurisperitorum
782 1331 869 1391 (2),
905 1331 987 1375 dici
1023 1344 1168 1389 potest
1203 1330 1254 1374 de
1287 1332 1382 1374 iure
1416 1332 1606 1375 naturali

258 1533 303 1573 (Ι)
330 1531 410 1566 Def.
437 1532 520 1566 fidei
547 1532 567 1565 l.
597 1533 656 1566 HI.
684 1544 711 1566 c.
742 1543 771 1566 2.
800 1545 832 1566 n.
875 1533 908 1566 8.
937 1533 981 1567 Et
1021 1544 1118 1567 num.
1152 1532 1315 1577 sequenti
1337 1533 1379 1566 ad
1400 1544 1477 1567 rem
1503 1532 1604 1568 illus-

184 1590 347 1624 trandam
373 1590 443 1624 hoc
471 1591 568 1625 addit
595 1590 823 1635 exemplum:
853 1604 868 1621 «
889 1590 1103 1635 Exemplum
1130 1598 1184 1624 est
1202 1590 1245 1624 de
1261 1589 1424 1625 libertate
1442 1590 1601 1625 hominis

188 1662 278 1694 quae
306 1650 467 1683 servituti
495 1651 703 1695 opponitur:
733 1659 786 1684 est
814 1651 910 1684 enim
936 1650 980 1684 de
999 1651 1073 1684 iure
1100 1650 1262 1693 naturali,
1279 1651 1360 1695 quia
1380 1663 1422 1685 ex
1439 1651 1473 1685 vi
1492 1649 1603 1685 solius

184 1709 354 1743 naturalis
382 1710 465 1743 iuris
492 1709 604 1743 homo
631 1711 787 1744 nascitur
814 1710 911 1751 liber,
940 1722 1004 1745 nec
1040 1719 1162 1755 potest
1188 1711 1264 1744 sine
1290 1710 1454 1756 legitimo
1482 1710 1601 1756 aliquo

185 1767 287 1803 titulo
314 1769 349 1801 in
377 1770 586 1803 servitutem
613 1769 742 1812 redigi:
769 1770 822 1803 ius
852 1778 971 1804 autem
998 1778 1145 1804 naturae
1159 1781 1233 1803 non
1251 1770 1433 1814 praecipit,
1454 1781 1601 1804 omnem

183 1827 371 1861 hominem
398 1839 540 1873 semper
567 1840 712 1862 manere
740 1828 902 1864 liberum.
931 1840 993 1862 seu
1021 1828 1133 1874 (quod
1162 1828 1309 1873 perinde
1337 1831 1402 1870 est)
1421 1840 1496 1863 non
1514 1829 1602 1863 sim-

183 1886 321 1931 pliciter
347 1887 520 1931 prohibet,
548 1887 735 1921 hominem
755 1888 790 1920 in
820 1888 1029 1921 servitutem
1056 1887 1180 1931 redigi,
1199 1886 1261 1921 sed
1282 1886 1399 1920 solum
1418 1895 1456 1921 ut
1474 1887 1509 1921 id
1528 1899 1599 1922 non

184 1945 246 1979 fiat
272 1946 333 1979 vel
360 1946 435 1979 sine
464 1945 573 1979 libero
601 1944 693 1979 illius
724 1957 902 1979 consensu
930 1945 988 1978 vel
1016 1945 1092 1978 sine
1118 1945 1212 1979 iusto
1232 1943 1335 1979 titulo
1357 1953 1390 1979 et
1409 1953 1600 1989 potestate.

184 2005 240 2039 Sic
269 2018 355 2047 ergo
383 2005 538 2050 perfecta
565 2006 805 2039 communitas
834 2005 945 2039 civilis
974 2006 1049 2039 iure
1075 2014 1223 2039 naturae
1248 2005 1359 2038 iibera
1378 2013 1442 2047 est,
1461 2013 1496 2039 et
1514 2004 1603 2039 nulli·

183 2062 320 2096 homini
349 2073 447 2097 extra
473 2075 511 2097 se
539 2064 730 2105 subiicitur,
758 2072 834 2097 tota
870 2075 956 2097 vero
984 2064 1060 2107 ipsa
1085 2063 1194 2097 habet
1232 2063 1268 2096 in
1295 2073 1332 2096 se
1370 2071 1598 2106 potestatem,

184 2133 273 2165 quae
301 2123 329 2155 si
357 2134 427 2156 non
457 2131 663 2164 mutaretur,
692 2122 933 2157 democratica
967 2131 1071 2163 esset,
1101 2131 1134 2156 et
1172 2121 1415 2164 nihilominus,
1441 2121 1499 2155 vel
1524 2122 1599 2167 ipsa

181 2180 337 2223 volente,
365 2181 422 2214 vel
451 2182 491 2215 ab
519 2181 588 2215 alio
615 2182 771 2216 habente
798 2190 1017 2226 potestatem
1038 2190 1073 2215 et
1091 2180 1233 2215 titulum
1251 2181 1383 2215 iustum
1402 2189 1521 2225 potest
1539 2180 1599 2215 tali

183 2248 360 2283 potestate
387 2241 526 2284 privari,
554 2249 586 2274 et
615 2241 650 2274 in
679 2240 834 2285 aliquam
861 2252 1055 2286 personam
1080 2239 1139 2273 vel
1165 2247 1330 2273 senatum
1359 2238 1554 2274 transferri.
1580 2253 1596 2272 υ

181 2298 317 2332 Eadem
344 2298 417 2332 sere
446 2299 552 2333 habet
580 2299 622 2332 de
650 2299 718 2344 leg.
746 2299 765 2333 l.
794 2300 855 2334 III.
883 2311 912 2334 c.
939 2300 999 2333 ΙΙΙ.
1026 2311 1124 2333 num.
1151 2309 1182 2343 7.

254 2355 308 2397 (2)
337 2355 390 2389 Cs.
419 2368 535 2401 super.
553 2357 625 2391 vol.
650 2369 675 2391 1.
697 2369 777 2403 pag.
807 2368 884 2403 291.
906 2377 947 2382 —
969 2358 1060 2391 Hinc
1079 2357 1179 2390 vides
1207 2356 1298 2390 hanc
1327 2356 1506 2391 theoriam
1523 2368 1597 2390 non

181 2415 425 2448 contradicere
452 2415 543 2449 thesi
570 2416 677 2458 LXII,
705 2417 741 2449 in
768 2428 837 2461 qua
864 2416 1027 2458 diximus,
1048 2427 1090 2449 ex
1106 2415 1291 2449 recensitis
1319 2414 1443 2449 formis
1461 2414 1596 2449 nullam

177 2484 239 2519 pet
266 2484 303 2507 se
332 2485 421 2508 esse.
450 2486 556 2519 quam
587 2474 642 2508 lex
669 2475 837 2510 naturalis
866 2476 1168 2521 praedeterminet
1190 2487 1228 2509 ac
1249 2476 1456 2521 praeexigat
1473 2484 1511 2511 ut
1528 2485 1594 2509 ne-
