1705 2787
665 94 925 149 „159⁶

94 209 403 259 procrearunt,
437 197 524 241 iarn
557 198 747 256 amplius
771 199 992 242 contineri
1009 199 1054 242 in
1079 197 1232 242 eadem
1255 194 1392 242 domo
1416 212 1507 242 non

89 283 292 330 possunt.
328 270 444 313 Hinc
478 269 638 313 domus
674 270 958 328 multiplicari
991 286 1169 314 necesse
1194 283 1273 313 est.
1298 269 1382 313 Sed
1405 285 1508 313 cum

90 358 215 386 amor
248 353 438 385 mutuus
473 353 515 383 et
538 343 686 384 mutui
705 342 855 385 auxilii
880 343 1116 385 necessitas
1140 341 1295 385 fratres
1320 342 1508 384 omnino

89 414 280 472 separari
314 424 446 469 vetet,
471 412 632 456 domus
657 412 837 471 quidem
872 413 1241 471 multiplicantur,
1266 412 1341 456 sed
1375 413 1510 456 altera

87 501 223 544 prope
247 485 430 528 alteram
465 485 769 541 constituitur,
805 497 852 528 ut
887 497 1069 528 mutuae
1103 484 1400 528 habitantium
1444 500 1510 527 re-

87 558 273 600 lationes
298 571 388 599 non
423 554 761 612 abrumpantur.
797 557 892 598 Hoc
927 569 1055 614 pacto
1090 558 1210 600 vicus
1245 557 1434 613 exurgit,
1468 569 1509 599 et

87 646 135 672 ex
160 630 260 672 vico
295 629 446 671 civitas
481 626 553 685 (1)
592 645 630 683 »,
660 630 706 669 'et
741 645 791 669 ex
825 628 1078 671 civitatibus
1101 630 1368 686 provinciae,
1393 640 1434 670 et
1459 644 1510 671 ex

87 700 329 758 provinciis
364 711 503 741 status
539 713 614 741 seu
651 713 839 754 regnum
875 698 1076 742 efficitur.

177 773 290 829 Apte
326 770 505 814 Tullius
540 769 626 828 (2):
666 787 685 810 «
712 771 860 812 Prima
894 773 1079 813 societas
1104 772 1149 814 in
1173 772 1270 829 ipso
1295 772 1507 829 coniugio

89 857 169 901 est,
194 844 398 902 proxima
432 844 476 885 in
512 841 675 899 liberiS,
710 841 867 885 deinde
902 860 988 886 una
1022 843 1199 897 domm,
1252 847 1510 888 communia

88 917 254 960 omnia.
288 914 336 958 Id
371 926 521 958 autern
556 925 621 956 est
644 914 912 971 principium
950 914 1070 957 urbis
1095 928 1136 958 et
1161 917 1285 974 quasi
1319 918 1509 960 semina-

88 989 204 1031 rium
229 985 508 1045 reipublicae.
534 986 793 1044 Sequuntur
817 985 1002 1029 fratrum
1029 989 1384 1031 coniunctiones:
1409 1002 1510 1047 post

89 1058 469 1103 consobrinorum
503 1056 898 1115 sobrinorumque,
924 1060 999 1116 qni
1024 1074 1125 1101 cum
1150 1076 1236 1103 una
1261 1060 1397 1104 domo
1421 1062 1508 1104 iam

91 1133 185 1189 capi
219 1147 311 1174 non
347 1131 536 1188 possint,
571 1131 615 1172 in
651 1130 754 1172 alias
789 1130 964 1187 domos,
989 1143 1216 1189 tamquam
1242 1134 1285 1175 in
1311 1134 1509 1176 colonias

91 1216 268 1245 exeunt.
304 1202 562 1259 Sequuntur
607 1200 831 1243 connubia
879 1214 920 1244 et
964 1201 1214 1259 affinitates,
1264 1220 1314 1247 ex
1349 1203 1510 1262 quibus

87 1275 238 1333 plures
271 1273 527 1331 propinqui.
563 1273 691 1326 Quae
726 1275 985 1330 propagatio
1010 1286 1051 1317 et
1075 1274 1250 1317 soboles
1286 1277 1413 1333 origo
1449 1288 1513 1319 est

88 1345 537 1404 rerumpublicarum.
576 1363 594 1385 »

183 1433 277 1474 151.
312 1418 558 1462 SCHOLION.
583 1419 646 1461 Ex
668 1418 769 1474 illiS,
798 1434 908 1475 quae
943 1418 1151 1476 diximus,
1177 1420 1335 1463 clarius
1369 1420 1512 1464 adhuc

90 1502 222 1549 patet,
271 1491 530 1532 societatem
581 1489 771 1546 civilem,
821 1490 1036 1533 actualem
1077 1507 1235 1548 nempe
1270 1505 1435 1535 statum
1471 1505 1511 1536 et

88 1561 275 1604 modum
310 1560 486 1604 vivendi
520 1560 787 1603 familiarum
813 1562 856 1603 in
881 1562 995 1604 civili
1023 1564 1202 1619 unione,
1227 1579 1320 1605 esse
1346 1566 1511 1607 omnino

88 1632 331 1684 naturalem,
370 1647 462 1675 non
497 1645 647 1675 autem
681 1631 953 1675 artificialem
990 1649 1065 1676 seu
1095 1633 1287 1676 humana
1317 1651 1509 1678 conven—

88 1706 210 1748 tione
260 1704 585 1747 introductum.
635 1705 679 1747 Si
714 1706 833 1747 enirn
878 1706 1063 1747 societas
1098 1705 1252 1761 civilis,
1286 1719 1509 1763 spectatur

89 1778 133 1819 in
169 1792 347 1834 genere,
381 1776 501 1835 quod
537 1777 727 1821 familiae
777 1779 924 1821 vivant
959 1794 1050 1820 non
1085 1791 1322 1835 separatae,
1356 1779 1431 1823 sed
1466 1782 1510 1824 in

90 1863 233 1890 unum
268 1847 502 1905 politicum
550 1863 709 1905 corpus
746 1850 908 1904 unitae,
945 1849 984 1891 id
1021 1849 1181 1906 pendet
1226 1868 1277 1893 ex
1311 1852 1401 1908 ipsa
1437 1867 1510 1894 na-

162 2086 208 2127 (1)
238 2083 287 2118 Ita
317 2083 530 2129 'I‘ongiorgi‚
556 2084 637 2119 Eth.
665 2096 761 2118 nuni.
789 2084 867 2129 436.
892 2085 944 2119 (Il‘.
974 2086 1080 2120 etiam
1110 2086 1327 2129 Liberatore,
1357 2088 1409 2123 ius
1438 2099 1511 2122 soc.

91 2154 188 2178 nuni.
214 2154 272 2186 40.

160 2201 217 2246 (2)
245 2203 298 2236 De
331 2202 394 2237 oss‘.
423 2203 446 2237 Ι.
480 2213 532 2247 17.
561 2221 602 2227 —-
635 2202 691 2236 Cf.
726 2203 970 2241 Aristotelem,
1011 2203 1148 2238 l'olitic.
1190 2204 1246 2238 lib.
1289 2205 1324 2243 1.,
1364 2206 1510 2251 eiusque

91 2271 396 2296 commentatores
425 2262 459 2295 in
489 2262 525 2298 li.
555 2261 575 2295 l.
606 2278 647 2286 ⁵—
678 2262 783 2306 Apud
805 2262 990 2305 Ziillinger,
1010 2263 1157 2297 institut.
1177 2264 1259 2297 iuris
1279 2274 1350 2299 nat.
1372 2264 1510 2309 f.193.,

90 2319 226 2354 mentio
256 2319 295 2354 fit
321 2320 507 2354 cuiusdam
536 2320 602 2354 vici
631 2331 722 2363 pene
750 2330 892 2354 centuni
921 2321 1111 2354 domorum
1139 2322 1172 2354 in
1202 2322 1383 2366 Hispania,
1412 2324 1510 2357 cuius

91 2389 217 2412 omnes
246 2379 386 2413 incolae
415 2388 515 2414 erant
544 2391 562 2413 a
592 2391 677 2412 sene
706 2379 872 2423 quodam,
901 2380 957 2424 qui
987 2380 1101 2413 adhuc
1134 2382 1286 2423 vivebat,
1321 2384 1510 2427 progeniti,

93 2436 152 2479 ita,
181 2445 218 2471 ut
245 2438 523 2483 propinquitatis
564 2449 698 2471 nomen
728 2438 797 2471 iam
826 2438 979 2477 deesset,
1007 2449 1077 2483 quo
1105 2451 1123 2473 a
1150 2440 1307 2473 minimis
1334 2450 1417 2476 natu
1446 2453 1512 2475 vo-

92 2504 240 2530 caretur.
