1705 2787
685 31 946 74 -371-

104 125 444 182 assignavimus,
470 125 750 168 conditiones
776 124 934 179 adsint,
960 136 1002 167 et
1025 123 1097 167 illa
1111 123 1386 181 praesertim,
1406 122 1526 180 quod

105 197 282 240 scholae
315 198 404 240 sint
438 212 589 254 reapse
622 198 722 255 puri
755 196 899 240 fontes
934 197 1026 240 veri
1064 195 1345 253 honestique.
1392 194 1525 238 Tales

103 279 255 311 autem
289 283 381 311 non
415 280 536 324 sunt,
570 269 606 311 si
640 269 766 325 pueri
800 283 930 325 prava
964 269 1010 311 in
1045 269 1096 310 iis
1123 266 1301 310 videant
1326 265 1526 323 exempla

103 340 172 382 vel
205 339 324 382 falsis
360 352 402 382 et
435 340 844 397 pravisprincipiis
878 338 1165 382 imbuantur:
1202 351 1276 382 aut
1321 339 1457 381 etiam
1492 337 1528 379 si

105 410 157 453 ab
190 411 243 454 iis
277 411 424 453 omnis
460 410 666 468 religiosa
699 412 926 454 institutio
960 410 1233 467 excludatur,
1258 410 1328 454 vel
1360 426 1407 453 ea
1431 422 1527 453 tan-

105 481 344 525 tummodo
363 481 610 538 tradantur,
630 498 741 540 quae
760 483 812 526 ad
832 483 1097 540 religionem
1122 497 1243 525 mere
1262 481 1528 537 naturalem,

104 554 343 611 pertinent.

221 624 543 683 Reprobandae
588 626 708 668 enim
759 638 864 669 sunt
914 625 1105 682 scholae,
1155 641 1266 684 quae
1317 624 1527 668 dicuntur

104 712 350 754 communes,
385 713 497 755 quae
531 696 697 740 scilicet
731 697 782 741 ad
818 714 974 741 omnes
1010 699 1204 741 cuiusvis
1249 710 1392 741 sectae
1426 697 1525 740 reli-

103 772 252 828 giosae
285 785 447 828 pueros
482 769 776 813 destinantur.
811 771 904 813 Hae
948 771 1125 814 scholae
1159 786 1250 814 non
1270 782 1374 812 sunt
1394 769 1525 812 utiles

104 842 374 899 acatholicis,
408 854 450 884 et
498 854 604 885 sunt
654 842 882 885 catholicis
932 844 1220 900 perniciosae.
1270 843 1376 886 Non
1421 852 1527 884 sunt

104 914 234 957 utiles
270 914 548 957 acatholicis:
583 912 805 972 siquidem
839 913 1100 957 adiumento
1135 915 1186 957 iis
1221 929 1313 956 non
1347 925 1451 956 sunt
1475 911 1526 955 ad

103 985 337 1027 veritatem
371 983 613 1027 catholicae
649 985 869 1027 Ecclesiae
903 983 1267 1041 dignoscendam.
1293 984 1406 1026 Sunt
1430 997 1526 1039 per-

103 1055 297 1097 niciosae
332 1054 584 1097 catholicis:
607 1047 746 1112 ¹pueri
781 1055 901 1097 enim
936 1055 981 1097 in
1016 1056 1067 1097 iis
1103 1054 1266 1097 scholis
1316 1052 1526 1108 instituti,

103 1138 145 1168 et
179 1124 453 1182 ignorabunt
488 1142 550 1182 ea,
585 1141 695 1184 quae
730 1126 782 1168 ad
817 1125 951 1169 fidem
986 1126 1250 1169 catholicam
1286 1126 1524 1182 pertinent,

103 1209 145 1239 et
178 1196 302 1240 valde
336 1198 553 1255 proclives
588 1210 718 1240 erunt
752 1197 804 1240 ad
839 1197 1198 1240 incredulitatem
1248 1210 1322 1239 aut
1355 1195 1526 1239 indiffe-

103 1269 292 1311 rentiam
327 1269 371 1311 in
406 1270 590 1326 negotio
625 1269 853 1326 religionis
878 1268 964 1327 (1).
990 1268 1037 1311 Id
1071 1281 1221 1311 autem
1245 1267 1408 1310 damno
1428 1268 1525 1323 erit,

103 1354 195 1382 non
229 1338 367 1382 modo
400 1341 506 1398 ipsis
541 1341 705 1398 pueris,
740 1339 815 1383 sed
849 1341 983 1383 etiam
1017 1339 1210 1396 familiis,
1246 1340 1361 1383 civili
1385 1340 1524 1382 socie-

103 1411 197 1466 tati,
232 1426 279 1453 ac
314 1413 507 1456 maxime
542 1412 785 1456 catholicae
820 1412 1053 1455 Ecclesiae.
1089 1412 1185 1454 Hoc
1230 1412 1367 1468 igitur
1402 1423 1524 1454 curet

103 1483 306 1539 princeps
343 1484 497 1540 civilis,
533 1497 581 1527 nt
617 1483 700 1527 sub
735 1483 978 1527 directione
1015 1483 1255 1526 catholicae
1302 1483 1522 1526 Ecclesiae

103 1553 231 1611 plena
265 1554 316 1597 de
352 1556 566 1613 religione
601 1557 825 1599 institutio
862 1557 905 1598 in
941 1555 1104 1598 scholis
1141 1554 1374 1598 tribuatur.
1417 1543 1420 1545 ’

171 1751 224 1796 (1)
252 1752 350 1787 Haec
378 1752 756 1798 pe1·pendantur.—1.⁰
772 1753 934 1797 Magistri
950 1764 1121 1797 maguam
1139 1753 1174 1785 in
1192 1752 1384 1798 discipulos
1404 1763 1526 1789 aucto-

100 1810 243 1845 ritatem
271 1822 448 1855 exercent,
471 1823 670 1857 eorumque
689 1812 817 1856 agendi
834 1812 1011 1845 rationem
1032 1811 1193 1855 discipuli
1207 1811 1309 1845 facile
1326 1812 1522 1847 imitantur.

101 1869 136 1902 Si
166 1881 252 1915 ergo
280 1870 442 1915 discipuli
469 1871 614 1905 videant
643 1872 836 1915 magistros
858 1882 936 1904 esse
958 1883 976 1904 a
995 1870 1169 1914 religione
1190 1870 1338 1912 alienos,
1360 1880 1419 1918 aut
1440 1884 1523 1918 erga

100 1927 316 1973 religionem
342 1929 599 1971 indifferentes,
629 1930 782 1963 evadent
811 1938 843 1963 ct
872 1930 935 1974 ipsi
958 1930 998 1962 iis
1019 1929 1166 1963 similes.
1187 1950 1229 1954 —
1251 1929 1312 1971 2⁰)
1334 1930 1522 1964 Sufficiens

101 1986 265 2021 educatio
293 1986 472 2031 religiosa,
500 1989 567 2021 nisi
596 1989 629 2021 iii
659 1988 791 2022 scholis
820 1988 991 2030 tradatur,
1028 1988 1140 2022 decrit
1167 1989 1297 2033 pueris,
1339 1998 1413 2022 tum
1441 1989 1523 2033 quia

102 2046 200 2090 pueri
228 2058 358 2091 magna
387 2048 455 2081 diei
484 2057 583 2092 parte
612 2048 644 2081 iii
674 2047 807 2081 scholis
845 2057 1042 2089 versantur,
1071 2056 1145 2081 tum
1185 2048 1267 2092 quia
1308 2059 1414 2092 saepe
1443 2059 1525 2093 par-

101 2113 202 2139 entes
242 2114 301 2140 aut
343 2106 388 2139 ob
433 2107 580 2151 negotia
625 2116 682 2140 aut
727 2115 871 2151 propter
915 2107 1091 2141 inscitiam
1137 2116 1319 2152 iic-queunt
1357 2108 1523 2141 eamdem

99 2163 282 2207 praebere.
323 2184 365 2189 —
409 2164 475 2210 3.⁰)
522 2165 599 2198 Nec
650 2174 774 2199 conti-a
823 2164 891 2199 talc·
932 2166 1186 2209 iiiagistmruiii
1240 2166 1443 2210 exemplum
1490 2175 1524 2200 ct

100 2222 291 2265 religiosae
321 2225 554 2258 institutionis
583 2224 761 2257 tic-sectum
798 2234 876 2258 sunt
905 2225 1105 2258 remedium
1145 2225 1324 2259 sufficiens
1365 2226 1523 2269 scholae,

102 2294 188 2326 quas
215 2293 359 2323 vocant,
389 2285 619 2318 ‹ls‚will'lll'i·‹ll.‘.s·.
649 2285 775 2328 Neque
796 2285 889 2317 cliiii]
911 2285 994 2318 saris
1017 2295 1079 2323 cst,
1102 2286 1214 2319 semel
1232 2287 1263 2319 iii
1293 2287 1523 2321 hebdomada

101 2342 143 2375 ad
171 2343 276 2376 breve
305 2352 446 2388 tempus
476 2343 662 2387 religiosas
693 2345 872 2377 doctrinas
903 2345 1019 2388 put-ris
1048 2347 1197 2379 tradere.
1221 2366 1262 2370 —
1287 2347 1374 2379 i‘idc-
1396 2358 1524 2391 propo-

101 2400 249 2434 sitiones
278 2401 311 2434 in
341 2401 486 2446 Syllaho
516 2402 775 2435 condemnatas
804 2402 866 2435 suh
904 2414 1001 2435 num.
1030 2403 1308 2437 XLV-XLVIII.
