1705 2787
682 113 940 155 —331—

103 206 183 249 alia
216 217 450 263 potestate,
484 221 596 263 quae
630 206 682 249 ad
716 206 911 264 aliquam
945 222 996 248 ex
1030 205 1114 248 illis
1150 205 1290 248 tribus
1325 221 1417 248 non
1452 220 1517 247 re-

101 276 302 320 ducatur.
337 276 737 330 Quemadmodum
773 279 893 320 enim
938 290 1095 320 natura
1146 292 1237 319 non
1281 276 1428 319 deficit
1472 277 1515 318 in

99 349 371 405 necessariis,
405 349 463 392 ita
497 349 647 404 etiam,
683 361 730 392 ut
765 348 849 392 dici
884 349 1011 397 solet,
1037 364 1127 391 non
1153 347 1346 391 abundat
1372 349 1416 390 in
1442 363 1513 390 su-

97 419 292 478 perfluiS.

214 493 342 545 Quae
377 492 489 534 ratio
524 491 833 547 confirmatur,
869 493 1201 548 comparatione
1235 490 1346 533 facta
1398 491 1512 532 inter

95 579 332 622 personam
366 562 583 606 moralem
619 576 661 606 et
696 563 928 606 hominem
963 562 1258 606 individuum.
1311 562 1417 605 Tria
1468 564 1511 604 in

96 636 280 678 homine
313 634 546 678 individuo
580 634 631 677 ad
666 636 733 677 sui
758 634 1131 691 gubernationem
1153 636 1444 692 requiruntur
1465 647 1505 676 et

91 705 342 749 sufficiunt:
379 706 612 761 nimirum,
647 705 852 762 generale
887 706 994 761 legis
1030 706 1242 749 naturalis
1267 705 1504 759 dictamen,

91 776 211 834 quod
245 775 432 819 habetur
466 791 541 833 per
576 775 868 833 synderesim,
923 775 1055 818 huius
1110 777 1327 832 generalis
1375 776 1508 819 dicta—

90 849 223 891 minis
257 848 493 906 applicatio
527 846 579 890 ad
614 862 765 889 casum
801 847 1131 904 particularem,
1180 863 1291 905 quae
1340 847 1389 890 fit
1433 863 1508 905 per

87 918 305 963 iudicium
340 919 653 974 conscientiae,
689 933 735 960 ac
771 917 954 961 demum
979 919 1212 975 applicatio
1246 918 1509 962 facultatum

85 989 137 1034 ad
171 989 504 1048 exsequendum
538 989 596 1041 id,
632 988 751 1048 quod
790 989 858 1031 lex
907 1002 948 1032 et
998 991 1269 1032 conscientia
1318 989 1498 1032 dictant.

85 1062 154 1104 Sic
187 1062 324 1118 igitur
358 1062 403 1104 in
438 1077 627 1119 persona
661 1061 819 1103 morali
854 1076 928 1102 seu
965 1061 1173 1103 societate
1209 1062 1290 1103 tria
1316 1061 1419 1103 haec
1440 1077 1505 1103 re-

82 1134 325 1191 quiruntur
359 1146 401 1176 et
434 1132 686 1176 sufficiunt:
723 1147 897 1189 nempe,
947 1133 1150 1187 generale
1186 1132 1293 1189 legis
1328 1132 1502 1174 socialis

83 1204 320 1261 dictamen,
354 1205 616 1263 particulare
652 1203 866 1247 iudicium
901 1219 976 1246 seu
1012 1204 1246 1259 sententia,
1281 1219 1391 1261 quae
1426 1219 1498 1260 ge-

82 1277 243 1320 neralia
278 1277 384 1334 legis
419 1275 659 1319 dictamina
694 1276 745 1319 ad
765 1291 889 1319 casus
910 1276 1117 1333 speciales
1137 1276 1338 1332 applicet,
1368 1291 1497 1332 quae-

81 1364 167 1407 que
201 1347 383 1392 desiniat
416 1348 521 1406 quid
556 1347 804 1392 secundum
840 1360 1026 1390 statutas
1064 1348 1179 1403 leges
1215 1348 1270 1389 sit
1304 1348 1347 1389 in
1369 1349 1501 1404 parti-

80 1420 217 1463 culari
237 1420 522 1463 sentiendum
547 1433 622 1464 aut
647 1419 914 1476 faciendum,
929 1435 975 1462 ac
996 1419 1174 1462 taudem
1199 1421 1261 1462 vis
1282 1420 1497 1477 quaedam

79 1493 232 1545 activa,
267 1507 379 1549 quae
414 1492 692 1548 generalium
727 1492 876 1549 legum
912 1504 953 1534 et
998 1491 1267 1534 iudiciorum
1303 1492 1495 1548 particu-

77 1563 237 1606 larium
252 1564 584 1606 exsecutionem
604 1576 744 1619 curet,
760 1563 960 1620 urgendo
981 1562 1355 1613 observationem,
1375 1579 1496 1620 prae-

76 1633 297 1677 veniendo
331 1647 373 1677 et
406 1634 692 1691 impediendo
723 1635 1003 1689 violationes,
1029 1650 1187 1691 easque
1213 1634 1492 1677 vindicando.

193 1704 502 1748 Confirmatur
537 1706 694 1762 adhuc,
730 1707 765 1748 si
800 1705 1135 1748 consideremus
1157 1719 1322 1747 ceteras
1348 1718 1494 1762 potes-

73 1787 198 1832 tates,
233 1791 343 1834 quae
366 1777 411 1819 in
437 1775 636 1819 medium
662 1776 805 1819 afferri
829 1789 1033 1833 possent3
1055 1777 1333 1818 inveniemus
1370 1777 1492 1819 enim

71 1861 140 1889 eas
174 1847 243 1890 vel
276 1862 368 1890 non
403 1848 625 1904 pertinere
659 1846 710 1890 ad
745 1848 1058 1890 auctoritatem
1110 1846 1489 1903 gubernatricem,

69 1918 120 1962 de
154 1934 239 1977 qua
272 1920 449 1976 proprie
484 1935 602 1962 nunc
638 1917 896 1977 loquimur,
917 1917 1172 1961 cuiusmodi
1208 1930 1272 1960 est
1297 1934 1331 1960 e.
1352 1934 1392 1975 g.
1418 1919 1486 1961 ius

69 1992 347 2034 constituens
382 1990 470 2050 (1),
506 1993 570 2034 vel
607 1991 659 2034 ad
695 1991 912 2048 praedicta
950 1991 1030 2033 tria
1056 1991 1149 2032 iura
1178 1991 1388 2043 revocari,
1413 1987 1488 2033 εἶι-

67 2062 260 2106 iusmodi
293 2075 358 2105 est
392 2078 427 2105 e.
463 2079 503 2120 g.
540 2064 602 2106 ins
630 2062 833 2121 puniendi
867 2062 953 2120 (2).

182 2135 338 2193 Itaque
358 2136 575 2192 tripartita
599 2134 705 2177 haec
729 2134 886 2177 divisio
911 2133 1195 2176 functionum
1216 2150 1291 2176 seu
1320 2134 1484 2176 iurium

64 2206 604 2263 supremae‘auctoritatis
641 2206 808 2247 censeri
846 2217 991 2261 potest
1024 2204 1264 2260 adaequasti.

131 2417 177 2457 (1)
204 2415 297 2449 Vide
327 2427 442 2460 super.
470 2427 549 2460 pag.
578 2416 654 2457 289.

131 2475 176 2514 (2)
208 2473 300 2506 Vide
329 2483 443 2517 super.
471 2484 550 2517 pag.
582 2472 657 2516 382.
