<?xml version="1.0" encoding="UTF-8"?>
<!DOCTYPE html PUBLIC "-//W3C//DTD XHTML 1.0 Transitional//EN"
    "http://www.w3.org/TR/xhtml1/DTD/xhtml1-transitional.dtd">
<html xmlns="http://www.w3.org/1999/xhtml" xml:lang="en" lang="en">
 <head>
  <title>
</title>
<meta http-equiv="Content-Type" content="text/html;charset=utf-8" />
  <meta name='ocr-system' content='tesseract 3.04.00' />
  <meta name='ocr-capabilities' content='ocr_page ocr_carea ocr_par ocr_line ocrx_word'/>
</head>
<body>
  <div class='ocr_page' id='page_1' title='image "./institutionesphi03ferr_0353.png"; bbox 0 0 1705 2787; ppageno 0'>
   <div class='ocr_carea' id='block_1_1' title="bbox 656 59 919 103">
    <p class='ocr_par' dir='ltr' id='par_1_1' title="bbox 656 59 919 103">
     <span class='ocr_line' id='line_1_1' title="bbox 656 59 919 103; baseline 0 -1"><span class='ocrx_word' id='word_1_1' title='bbox 656 59 919 103; x_wconf 80' lang='lat'>—349—</span> 
     </span>
    </p>
   </div>
   <div class='ocr_carea' id='block_1_2' title="bbox 622 309 953 338">
    <p class='ocr_par' dir='ltr' id='par_1_2' title="bbox 622 309 953 338">
     <span class='ocr_line' id='line_1_2' title="bbox 622 309 953 338; baseline -0.006 0"><span class='ocrx_word' id='word_1_2' title='bbox 622 310 772 338; x_wconf 83' lang='lat' dir='ltr'>THESIS</span> <span class='ocrx_word' id='word_1_3' title='bbox 806 309 953 337; x_wconf 78' lang='lat' dir='ltr'>LXXIX.</span> 
     </span>
    </p>
   </div>
   <div class='ocr_carea' id='block_1_3' title="bbox 84 434 1508 850">
    <p class='ocr_par' dir='ltr' id='par_1_3' title="bbox 84 434 1502 494">
     <span class='ocr_line' id='line_1_3' title="bbox 84 434 1502 494; baseline -0.004 -12"><span class='ocrx_word' id='word_1_4' title='bbox 84 439 193 490; x_wconf 85' lang='lat' dir='ltr'><em>Hinc</em></span> <span class='ocrx_word' id='word_1_5' title='bbox 227 440 270 481; x_wconf 85' lang='lat' dir='ltr'><em>in</em></span> <span class='ocrx_word' id='word_1_6' title='bbox 304 437 416 482; x_wconf 86' lang='lat' dir='ltr'><em>civili</em></span> <span class='ocrx_word' id='word_1_7' title='bbox 439 438 619 480; x_wconf 78' lang='lat' dir='ltr'><em>societate</em></span> <span class='ocrx_word' id='word_1_8' title='bbox 637 444 810 494; x_wconf 76' lang='lat' dir='ltr'><em>possunt</em></span> <span class='ocrx_word' id='word_1_9' title='bbox 833 451 878 478; x_wconf 76' lang='lat' dir='ltr'><em>cic</em></span> <span class='ocrx_word' id='word_1_10' title='bbox 903 435 1040 478; x_wconf 75' lang='lat' dir='ltr'><em>dehent</em></span> <span class='ocrx_word' id='word_1_11' title='bbox 1056 434 1267 492; x_wconf 76' lang='lat' dir='ltr'><em>prohiberi</em></span> <span class='ocrx_word' id='word_1_12' title='bbox 1290 436 1320 477; x_wconf 90' lang='lat' dir='ltr'><em>ii</em></span> <span class='ocrx_word' id='word_1_13' title='bbox 1343 436 1502 477; x_wconf 79' lang='lat' dir='ltr'><em>externi</em></span> 
     </span>
    </p>

    <p class='ocr_par' dir='ltr' id='par_1_4' title="bbox 165 506 1498 568">
     <span class='ocr_line' id='line_1_4' title="bbox 165 506 1498 568; baseline -0.005 -14"><span class='ocrx_word' id='word_1_14' title='bbox 165 519 329 567; x_wconf 8' lang='lat' dir='ltr'><em>tactus,</em></span> <span class='ocrx_word' id='word_1_15' title='bbox 363 511 432 568; x_wconf 76' lang='lat' dir='ltr'><em>qui</em></span> <span class='ocrx_word' id='word_1_16' title='bbox 479 518 573 552; x_wconf 78' lang='lat' dir='ltr'><em>sunt</em></span> <span class='ocrx_word' id='word_1_17' title='bbox 620 509 850 565; x_wconf 75' lang='lat' dir='ltr'><strong><em>negationes</em></strong></span> <span class='ocrx_word' id='word_1_18' title='bbox 895 516 1113 565; x_wconf 76' lang='lat' dir='ltr'><em>expressae</em></span> <span class='ocrx_word' id='word_1_19' title='bbox 1162 508 1357 564; x_wconf 78' lang='lat' dir='ltr'><em>supremi,</em></span> <span class='ocrx_word' id='word_1_20' title='bbox 1394 506 1498 564; x_wconf 79' lang='lat' dir='ltr'><em>quod</em></span> 
     </span>
    </p>

    <p class='ocr_par' dir='ltr' id='par_1_5' title="bbox 166 570 1506 636">
     <span class='ocr_line' id='line_1_5' title="bbox 166 570 1506 636; baseline -0.005 -10"><span class='ocrx_word' id='word_1_21' title='bbox 166 570 170 574; x_wconf 69' lang='lat'>‚</span> <span class='ocrx_word' id='word_1_22' title='bbox 203 584 317 627; x_wconf 87' lang='lat' dir='ltr'><em>Deus</em></span> <span class='ocrx_word' id='word_1_23' title='bbox 350 583 395 625; x_wconf 83' lang='lat' dir='ltr'><em>in</em></span> <span class='ocrx_word' id='word_1_24' title='bbox 427 596 492 624; x_wconf 87' lang='lat' dir='ltr'><em>res</em></span> <span class='ocrx_word' id='word_1_25' title='bbox 527 595 663 623; x_wconf 86' lang='lat' dir='ltr'><em>omnes</em></span> <span class='ocrx_word' id='word_1_26' title='bbox 708 579 835 631; x_wconf 79' lang='lat' dir='ltr'><em>habel,</em></span> <span class='ocrx_word' id='word_1_27' title='bbox 872 579 1059 634; x_wconf 77' lang='lat' dir='ltr'><em>dominii,</em></span> <span class='ocrx_word' id='word_1_28' title='bbox 1102 578 1332 621; x_wconf 78' lang='lat' dir='ltr'><em>aliarumve</em></span> <span class='ocrx_word' id='word_1_29' title='bbox 1371 578 1506 636; x_wconf 76' lang='lat' dir='ltr'><em>Ipsius</em></span> 
     </span>
    </p>

    <p class='ocr_par' dir='ltr' id='par_1_6' title="bbox 197 648 1508 712">
     <span class='ocr_line' id='line_1_6' title="bbox 197 648 1508 712; baseline -0.005 -16"><span class='ocrx_word' id='word_1_30' title='bbox 197 653 509 712; x_wconf 79' lang='lat' dir='ltr'><em>perfectionum,</em></span> <span class='ocrx_word' id='word_1_31' title='bbox 529 664 598 694; x_wconf 79' lang='lat' dir='ltr'><em>aut</em></span> <span class='ocrx_word' id='word_1_32' title='bbox 631 658 724 693; x_wconf 79' lang='lat' dir='ltr'><em>sunt</em></span> <span class='ocrx_word' id='word_1_33' title='bbox 755 648 993 692; x_wconf 74' lang='lat' dir='ltr'><em>violationes</em></span> <span class='ocrx_word' id='word_1_34' title='bbox 1028 657 1186 706; x_wconf 80' lang='lat' dir='ltr'><em>apertae</em></span> <span class='ocrx_word' id='word_1_35' title='bbox 1220 648 1383 691; x_wconf 81' lang='lat' dir='ltr'><em>illorum</em></span> <span class='ocrx_word' id='word_1_36' title='bbox 1403 648 1508 706; x_wconf 78' lang='lat' dir='ltr'><em>fun-</em></span> 
     </span>
    </p>

    <p class='ocr_par' dir='ltr' id='par_1_7' title="bbox 205 719 1506 850">
     <span class='ocr_line' id='line_1_7' title="bbox 205 719 1506 779; baseline -0.005 -11"><span class='ocrx_word' id='word_1_37' title='bbox 205 722 497 768; x_wconf 76' lang='lat' dir='ltr'><em>damentalizim</em></span> <span class='ocrx_word' id='word_1_38' title='bbox 532 721 769 779; x_wconf 74' lang='lat' dir='ltr'><em>officiorum,</em></span> <span class='ocrx_word' id='word_1_39' title='bbox 802 735 902 778; x_wconf 78' lang='lat' dir='ltr'><em>quae</em></span> <span class='ocrx_word' id='word_1_40' title='bbox 925 719 990 763; x_wconf 80' lang='lat' dir='ltr'><em>lex</em></span> <span class='ocrx_word' id='word_1_41' title='bbox 1026 720 1172 763; x_wconf 78' lang='lat' dir='ltr'><em>divina</em></span> <span class='ocrx_word' id='word_1_42' title='bbox 1194 719 1398 763; x_wconf 74' lang='lat' dir='ltr'><em>naturalis</em></span> <span class='ocrx_word' id='word_1_43' title='bbox 1423 735 1506 762; x_wconf 85' lang='lat' dir='ltr'><em>om-</em></span> 
     </span>
     <span class='ocr_line' id='line_1_8' title="bbox 207 793 780 850; baseline -0.01 -11"><span class='ocrx_word' id='word_1_44' title='bbox 207 795 327 840; x_wconf 80' lang='lat' dir='ltr'><em>nibus</em></span> <span class='ocrx_word' id='word_1_45' title='bbox 362 794 564 837; x_wconf 69' lang='lat' dir='ltr'><em>evidentsr</em></span> <span class='ocrx_word' id='word_1_46' title='bbox 598 793 780 850; x_wconf 80' lang='lat' dir='ltr'><em>imponit.</em></span> 
     </span>
    </p>
   </div>
   <div class='ocr_carea' id='block_1_4' title="bbox 90 933 1527 2492">
    <p class='ocr_par' dir='ltr' id='par_1_8' title="bbox 90 933 1513 1068">
     <span class='ocr_line' id='line_1_9' title="bbox 184 933 1513 994; baseline -0.002 -14"><span class='ocrx_word' id='word_1_47' title='bbox 184 937 279 994; x_wconf 85' lang='lat'>198.</span> <span class='ocrx_word' id='word_1_48' title='bbox 313 938 688 980; x_wconf 74' lang='lat' dir='ltr'><strong>DEMONSTRATIO.</strong></span> <span class='ocrx_word' id='word_1_49' title='bbox 724 936 842 977; x_wconf 88' lang='lat' dir='ltr'><em>Haec</em></span> <span class='ocrx_word' id='word_1_50' title='bbox 877 936 1062 978; x_wconf 77' lang='lat' dir='ltr'><em>assertio</em></span> <span class='ocrx_word' id='word_1_51' title='bbox 1082 935 1180 978; x_wconf 82' lang='lat' dir='ltr'><em>fluit</em></span> <span class='ocrx_word' id='word_1_52' title='bbox 1205 933 1437 977; x_wconf 81' lang='lat' dir='ltr'><em>manifeste</em></span> <span class='ocrx_word' id='word_1_53' title='bbox 1462 951 1513 977; x_wconf 87' lang='lat' dir='ltr'><em>ex</em></span> 
     </span>
     <span class='ocr_line' id='line_1_10' title="bbox 90 1008 539 1068; baseline -0.004 -16"><span class='ocrx_word' id='word_1_54' title='bbox 90 1008 377 1068; x_wconf 80' lang='lat' dir='ltr'><em>praecedente</em></span> <span class='ocrx_word' id='word_1_55' title='bbox 410 1008 539 1051; x_wconf 81' lang='lat' dir='ltr'><em>thesi.</em></span> 
     </span>
    </p>

    <p class='ocr_par' dir='ltr' id='par_1_9' title="bbox 92 1079 1516 1556">
     <span class='ocr_line' id='line_1_11' title="bbox 211 1079 1512 1136; baseline -0.002 -12"><span class='ocrx_word' id='word_1_56' title='bbox 211 1081 363 1124; x_wconf 82' lang='lat' dir='ltr'>Exstat</span> <span class='ocrx_word' id='word_1_57' title='bbox 396 1079 597 1123; x_wconf 79' lang='lat' dir='ltr'><em>n&#39;aturale</em></span> <span class='ocrx_word' id='word_1_58' title='bbox 631 1091 918 1136; x_wconf 80' lang='lat' dir='ltr'><em>praeceptum</em></span> <span class='ocrx_word' id='word_1_59' title='bbox 965 1079 1016 1122; x_wconf 89' lang='lat' dir='ltr'><em>de</em></span> <span class='ocrx_word' id='word_1_60' title='bbox 1066 1094 1277 1136; x_wconf 79' lang='lat' dir='ltr'><em>supremo</em></span> <span class='ocrx_word' id='word_1_61' title='bbox 1312 1080 1512 1123; x_wconf 82' lang='lat' dir='ltr'><em>Numine</em></span> 
     </span>
     <span class='ocr_line' id='line_1_12' title="bbox 92 1150 1513 1207; baseline -0.004 -11"><span class='ocrx_word' id='word_1_62' title='bbox 92 1151 297 1196; x_wconf 88' lang='lat' dir='ltr'><em>colendo.</em></span> <span class='ocrx_word' id='word_1_63' title='bbox 332 1153 430 1194; x_wconf 94' lang='lat' dir='ltr'><em>Hoc</em></span> <span class='ocrx_word' id='word_1_64' title='bbox 464 1163 616 1194; x_wconf 85' lang='lat' dir='ltr'><em>autem</em></span> <span class='ocrx_word' id='word_1_65' title='bbox 649 1151 693 1192; x_wconf 90' lang='lat' dir='ltr'><em>in</em></span> <span class='ocrx_word' id='word_1_66' title='bbox 729 1163 978 1207; x_wconf 79' lang='lat' dir='ltr'><em>praecepto,</em></span> <span class='ocrx_word' id='word_1_67' title='bbox 1013 1163 1060 1192; x_wconf 87' lang='lat' dir='ltr'><em>ut</em></span> <span class='ocrx_word' id='word_1_68' title='bbox 1095 1151 1139 1192; x_wconf 87' lang='lat' dir='ltr'><em>in</em></span> <span class='ocrx_word' id='word_1_69' title='bbox 1173 1151 1267 1193; x_wconf 79' lang='lat' dir='ltr'><em>aliis</em></span> <span class='ocrx_word' id='word_1_70' title='bbox 1303 1150 1513 1193; x_wconf 77' lang='lat' dir='ltr'><em>naturalis</em></span> 
     </span>
     <span class='ocr_line' id='line_1_13' title="bbox 94 1220 1514 1282; baseline -0.002 -15"><span class='ocrx_word' id='word_1_71' title='bbox 94 1226 203 1282; x_wconf 80' lang='lat' dir='ltr'><em>legis</em></span> <span class='ocrx_word' id='word_1_72' title='bbox 254 1222 545 1277; x_wconf 74' lang='lat' dir='ltr'><em>iussionibus,</em></span> <span class='ocrx_word' id='word_1_73' title='bbox 580 1221 690 1265; x_wconf 74' lang='lat' dir='ltr'><em>duae</em></span> <span class='ocrx_word' id='word_1_74' title='bbox 725 1220 885 1264; x_wconf 78' lang='lat' dir='ltr'><em>debent</em></span> <span class='ocrx_word' id='word_1_75' title='bbox 920 1221 1136 1278; x_wconf 76' lang='lat' dir='ltr'><em>distingui</em></span> <span class='ocrx_word' id='word_1_76' title='bbox 1176 1234 1343 1279; x_wconf 85' lang='lat' dir='ltr'><em>partes:</em></span> <span class='ocrx_word' id='word_1_77' title='bbox 1380 1222 1514 1264; x_wconf 77' lang='lat' dir='ltr'><em>altera</em></span> 
     </span>
     <span class='ocr_line' id='line_1_14' title="bbox 94 1293 1514 1355; baseline -0.002 -16"><span class='ocrx_word' id='word_1_78' title='bbox 94 1295 276 1355; x_wconf 84' lang='lat' dir='ltr'><em>quidem</em></span> <span class='ocrx_word' id='word_1_79' title='bbox 311 1296 514 1352; x_wconf 79' lang='lat' dir='ltr'><em>negativa,</em></span> <span class='ocrx_word' id='word_1_80' title='bbox 549 1294 684 1337; x_wconf 86' lang='lat' dir='ltr'><em>altera</em></span> <span class='ocrx_word' id='word_1_81' title='bbox 717 1308 821 1336; x_wconf 65' lang='lat' dir='ltr'><em>vero</em></span> <span class='ocrx_word' id='word_1_82' title='bbox 848 1295 1042 1350; x_wconf 75' lang='lat' dir='ltr'><em>positivo.</em></span> <span class='ocrx_word' id='word_1_83' title='bbox 1066 1294 1283 1350; x_wconf 75' lang='lat' dir='ltr'><em>Negativa</em></span> <span class='ocrx_word' id='word_1_84' title='bbox 1307 1293 1514 1351; x_wconf 82' lang='lat' dir='ltr'><em>prohibet</em></span> 
     </span>
     <span class='ocr_line' id='line_1_15' title="bbox 95 1365 1512 1426; baseline -0.002 -15"><span class='ocrx_word' id='word_1_85' title='bbox 95 1366 313 1426; x_wconf 88' lang='lat' dir='ltr'><em>quidquid</em></span> <span class='ocrx_word' id='word_1_86' title='bbox 347 1366 490 1410; x_wconf 84' lang='lat' dir='ltr'><em>tendit</em></span> <span class='ocrx_word' id='word_1_87' title='bbox 524 1368 569 1409; x_wconf 87' lang='lat' dir='ltr'><em>in</em></span> <span class='ocrx_word' id='word_1_88' title='bbox 594 1365 810 1424; x_wconf 84' lang='lat' dir='ltr'><em>probrum</em></span> <span class='ocrx_word' id='word_1_89' title='bbox 835 1365 1007 1410; x_wconf 75' lang='lat' dir='ltr'><em>divinae</em></span> <span class='ocrx_word' id='word_1_90' title='bbox 1032 1367 1297 1409; x_wconf 65' lang='lat' dir='ltr'><em>maiestatis:</em></span> <span class='ocrx_word' id='word_1_91' title='bbox 1325 1367 1512 1423; x_wconf 75' lang='lat' dir='ltr'><em>positiva</em></span> 
     </span>
     <span class='ocr_line' id='line_1_16' title="bbox 96 1438 1516 1499; baseline -0.002 -15"><span class='ocrx_word' id='word_1_92' title='bbox 96 1442 307 1499; x_wconf 86' lang='lat' dir='ltr'><em>praecipit</em></span> <span class='ocrx_word' id='word_1_93' title='bbox 341 1439 512 1483; x_wconf 85' lang='lat' dir='ltr'><em>debitos</em></span> <span class='ocrx_word' id='word_1_94' title='bbox 549 1439 819 1482; x_wconf 81' lang='lat' dir='ltr'><em>reverentiae</em></span> <span class='ocrx_word' id='word_1_95' title='bbox 853 1454 900 1481; x_wconf 82' lang='lat' dir='ltr'><em>ac</em></span> <span class='ocrx_word' id='word_1_96' title='bbox 936 1438 1080 1481; x_wconf 81' lang='lat' dir='ltr'><em>cultus</em></span> <span class='ocrx_word' id='word_1_97' title='bbox 1115 1451 1238 1481; x_wconf 74' lang='lat' dir='ltr'><em>actus</em></span> <span class='ocrx_word' id='word_1_98' title='bbox 1273 1454 1375 1495; x_wconf 83' lang='lat' dir='ltr'><em>erga</em></span> <span class='ocrx_word' id='word_1_99' title='bbox 1409 1438 1516 1482; x_wconf 78' lang='lat' dir='ltr'><em>divi-</em></span> 
     </span>
     <span class='ocr_line' id='line_1_17' title="bbox 97 1514 300 1556; baseline -0.01 0"><span class='ocrx_word' id='word_1_100' title='bbox 97 1514 300 1556; x_wconf 86' lang='lat' dir='ltr'><em>nitatem.</em></span> 
     </span>
    </p>

    <p class='ocr_par' dir='ltr' id='par_1_10' title="bbox 96 1581 1522 2212">
     <span class='ocr_line' id='line_1_18' title="bbox 213 1581 1517 1640; baseline -0.003 -13"><span class='ocrx_word' id='word_1_101' title='bbox 213 1585 414 1627; x_wconf 80' lang='lat' dir='ltr'><em>Iamvero</em></span> <span class='ocrx_word' id='word_1_102' title='bbox 450 1594 736 1640; x_wconf 83' lang='lat' dir='ltr'><em>praeceptum</em></span> <span class='ocrx_word' id='word_1_103' title='bbox 771 1581 823 1624; x_wconf 86' lang='lat' dir='ltr'><em>de</em></span> <span class='ocrx_word' id='word_1_104' title='bbox 857 1596 1067 1638; x_wconf 84' lang='lat' dir='ltr'><em>supremo</em></span> <span class='ocrx_word' id='word_1_105' title='bbox 1102 1582 1302 1624; x_wconf 82' lang='lat' dir='ltr'><em>Numine</em></span> <span class='ocrx_word' id='word_1_106' title='bbox 1331 1581 1517 1627; x_wconf 79' lang='lat' dir='ltr'><em>colendo</em></span> 
     </span>
     <span class='ocr_line' id='line_1_19' title="bbox 96 1652 1516 1714; baseline -0.003 -16"><span class='ocrx_word' id='word_1_107' title='bbox 96 1654 242 1714; x_wconf 90' lang='lat' dir='ltr'><em>quoad</em></span> <span class='ocrx_word' id='word_1_108' title='bbox 277 1663 487 1712; x_wconf 77' lang='lat' dir='ltr'><em>utramque</em></span> <span class='ocrx_word' id='word_1_109' title='bbox 521 1669 646 1697; x_wconf 87' lang='lat' dir='ltr'><em>suam</em></span> <span class='ocrx_word' id='word_1_110' title='bbox 683 1665 853 1710; x_wconf 84' lang='lat' dir='ltr'><em>partem</em></span> <span class='ocrx_word' id='word_1_111' title='bbox 888 1652 1054 1708; x_wconf 76' lang='lat' dir='ltr'><em>obligat</em></span> <span class='ocrx_word' id='word_1_112' title='bbox 1090 1665 1131 1695; x_wconf 86' lang='lat' dir='ltr'><em>et</em></span> <span class='ocrx_word' id='word_1_113' title='bbox 1165 1652 1449 1695; x_wconf 86' lang='lat' dir='ltr'><em>individuum</em></span> <span class='ocrx_word' id='word_1_114' title='bbox 1475 1665 1516 1694; x_wconf 86' lang='lat' dir='ltr'><em>et</em></span> 
     </span>
     <span class='ocr_line' id='line_1_20' title="bbox 97 1722 1519 1781; baseline -0.003 -12"><span class='ocrx_word' id='word_1_115' title='bbox 97 1727 370 1769; x_wconf 69' lang='lat' dir='ltr'><em>societatem.</em></span> <span class='ocrx_word' id='word_1_116' title='bbox 421 1726 573 1778; x_wconf 86' lang='lat' dir='ltr'><em>Quare</em></span> <span class='ocrx_word' id='word_1_117' title='bbox 623 1722 1006 1781; x_wconf 80' lang='lat' dir='ltr'><em>quemadmodum</em></span> <span class='ocrx_word' id='word_1_118' title='bbox 1057 1722 1341 1766; x_wconf 76' lang='lat' dir='ltr'><em>individuum</em></span> <span class='ocrx_word' id='word_1_119' title='bbox 1391 1722 1519 1765; x_wconf 85' lang='lat' dir='ltr'><em>debet</em></span> 
     </span>
     <span class='ocr_line' id='line_1_21' title="bbox 98 1793 1520 1851; baseline -0.004 -11"><span class='ocrx_word' id='word_1_120' title='bbox 98 1811 249 1840; x_wconf 80' lang='lat' dir='ltr'><em>cavere</em></span> <span class='ocrx_word' id='word_1_121' title='bbox 282 1796 336 1838; x_wconf 89' lang='lat' dir='ltr'><em>ab</em></span> <span class='ocrx_word' id='word_1_122' title='bbox 370 1797 422 1839; x_wconf 80' lang='lat' dir='ltr'><em>iis</em></span> <span class='ocrx_word' id='word_1_123' title='bbox 457 1793 685 1850; x_wconf 83' lang='lat' dir='ltr'><em>omnibus,</em></span> <span class='ocrx_word' id='word_1_124' title='bbox 719 1809 830 1851; x_wconf 81' lang='lat' dir='ltr'><em>quae</em></span> <span class='ocrx_word' id='word_1_125' title='bbox 864 1794 907 1836; x_wconf 88' lang='lat' dir='ltr'><em>in</em></span> <span class='ocrx_word' id='word_1_126' title='bbox 945 1795 1024 1836; x_wconf 76' lang='lat' dir='ltr'><em>Dei</em></span> <span class='ocrx_word' id='word_1_127' title='bbox 1071 1806 1380 1850; x_wconf 85' lang='lat' dir='ltr'><em>contemptum</em></span> <span class='ocrx_word' id='word_1_128' title='bbox 1426 1809 1520 1836; x_wconf 72' lang='lat' dir='ltr'><em>ver-</em></span> 
     </span>
     <span class='ocr_line' id='line_1_22' title="bbox 100 1864 1521 1925; baseline -0.002 -15"><span class='ocrx_word' id='word_1_129' title='bbox 100 1881 227 1925; x_wconf 84' lang='lat' dir='ltr'><em>gunt,</em></span> <span class='ocrx_word' id='word_1_130' title='bbox 262 1868 320 1909; x_wconf 84' lang='lat' dir='ltr'><em>ita</em></span> <span class='ocrx_word' id='word_1_131' title='bbox 370 1867 510 1909; x_wconf 84' lang='lat' dir='ltr'><em>civilis</em></span> <span class='ocrx_word' id='word_1_132' title='bbox 543 1867 729 1908; x_wconf 82' lang='lat' dir='ltr'><em>societas</em></span> <span class='ocrx_word' id='word_1_133' title='bbox 770 1864 898 1907; x_wconf 68' lang='lat' dir='ltr'><em>debet</em></span> <span class='ocrx_word' id='word_1_134' title='bbox 933 1864 1147 1922; x_wconf 76' lang='lat' dir='ltr'><em>impedire</em></span> <span class='ocrx_word' id='word_1_135' title='bbox 1182 1866 1224 1906; x_wconf 83' lang='lat' dir='ltr'><em>in</em></span> <span class='ocrx_word' id='word_1_136' title='bbox 1275 1866 1415 1921; x_wconf 81' lang='lat' dir='ltr'><em>seipsa</em></span> <span class='ocrx_word' id='word_1_137' title='bbox 1451 1880 1521 1907; x_wconf 79' lang='lat' dir='ltr'><em>cx-</em></span> 
     </span>
     <span class='ocr_line' id='line_1_23' title="bbox 100 1934 1520 1993; baseline -0.004 -13"><span class='ocrx_word' id='word_1_138' title='bbox 100 1936 422 1992; x_wconf 76' lang='lat' dir='ltr'><em>ternos&#39;actuS,</em></span> <span class='ocrx_word' id='word_1_139' title='bbox 457 1937 532 1993; x_wconf 86' lang='lat' dir='ltr'><em>qui</em></span> <span class='ocrx_word' id='word_1_140' title='bbox 566 1937 610 1978; x_wconf 89' lang='lat' dir='ltr'><em>in</em></span> <span class='ocrx_word' id='word_1_141' title='bbox 657 1935 846 1978; x_wconf 79' lang='lat' dir='ltr'><em>dedecus</em></span> <span class='ocrx_word' id='word_1_142' title='bbox 897 1934 1097 1976; x_wconf 74' lang='lat' dir='ltr'><em>infinitae</em></span> <span class='ocrx_word' id='word_1_143' title='bbox 1147 1935 1229 1977; x_wconf 79' lang='lat' dir='ltr'><em>Dei</em></span> <span class='ocrx_word' id='word_1_144' title='bbox 1278 1935 1520 1977; x_wconf 76' lang='lat' dir='ltr'><em>maiestatis</em></span> 
     </span>
     <span class='ocr_line' id='line_1_24' title="bbox 100 2004 1522 2064; baseline -0.002 -13"><span class='ocrx_word' id='word_1_145' title='bbox 100 2007 277 2051; x_wconf 85' lang='lat' dir='ltr'><em>cedunt.</em></span> <span class='ocrx_word' id='word_1_146' title='bbox 312 2009 410 2050; x_wconf 91' lang='lat' dir='ltr'><em>Hoc</em></span> <span class='ocrx_word' id='word_1_147' title='bbox 444 2008 600 2050; x_wconf 78' lang='lat' dir='ltr'><em>saltem</em></span> <span class='ocrx_word' id='word_1_148' title='bbox 635 2019 856 2064; x_wconf 76' lang='lat' dir='ltr'><em>praestare</em></span> <span class='ocrx_word' id='word_1_149' title='bbox 881 2004 1009 2048; x_wconf 69' lang='lat' dir='ltr'><em>debet</em></span> <span class='ocrx_word' id='word_1_150' title='bbox 1033 2007 1083 2061; x_wconf 77' lang='lat' dir='ltr'><em>is,</em></span> <span class='ocrx_word' id='word_1_151' title='bbox 1108 2007 1183 2063; x_wconf 83' lang='lat' dir='ltr'><em>qui</em></span> <span class='ocrx_word' id='word_1_152' title='bbox 1205 2007 1353 2048; x_wconf 77' lang='lat' dir='ltr'><em>Deum</em></span> <span class='ocrx_word' id='word_1_153' title='bbox 1378 2006 1522 2048; x_wconf 79' lang='lat' dir='ltr'><em>colere</em></span> 
     </span>
     <span class='ocr_line' id='line_1_25' title="bbox 105 2077 1521 2137; baseline -0.002 -14"><span class='ocrx_word' id='word_1_154' title='bbox 105 2092 299 2123; x_wconf 80' lang='lat' dir='ltr'><em>tenetur.</em></span> <span class='ocrx_word' id='word_1_155' title='bbox 333 2078 380 2122; x_wconf 86' lang='lat' dir='ltr'><em>Id</em></span> <span class='ocrx_word' id='word_1_156' title='bbox 416 2078 597 2137; x_wconf 87' lang='lat' dir='ltr'><em>quidem</em></span> <span class='ocrx_word' id='word_1_157' title='bbox 632 2094 723 2121; x_wconf 90' lang='lat' dir='ltr'><em>non</em></span> <span class='ocrx_word' id='word_1_158' title='bbox 759 2077 942 2120; x_wconf 76' lang='lat' dir='ltr'><em>sufficit:</em></span> <span class='ocrx_word' id='word_1_159' title='bbox 969 2077 1069 2119; x_wconf 71' lang='lat' dir='ltr'><em>inde</em></span> <span class='ocrx_word' id='word_1_160' title='bbox 1105 2090 1269 2133; x_wconf 75' lang='lat' dir='ltr'><em>tamen,</em></span> <span class='ocrx_word' id='word_1_161' title='bbox 1294 2090 1521 2135; x_wconf 86' lang='lat' dir='ltr'><em>tamquam</em></span> 
     </span>
     <span class='ocr_line' id='line_1_26' title="bbox 105 2148 1117 2212; baseline -0.003 -18"><span class='ocrx_word' id='word_1_162' title='bbox 105 2168 126 2194; x_wconf 89' lang='lat' dir='ltr'><em>a</em></span> <span class='ocrx_word' id='word_1_163' title='bbox 163 2153 308 2212; x_wconf 80' lang='lat' dir='ltr'><em>primo</em></span> <span class='ocrx_word' id='word_1_164' title='bbox 342 2150 498 2208; x_wconf 75' lang='lat' dir='ltr'><em>gradu,</em></span> <span class='ocrx_word' id='word_1_165' title='bbox 533 2163 597 2194; x_wconf 79' lang='lat' dir='ltr'><em>est</em></span> <span class='ocrx_word' id='word_1_166' title='bbox 632 2152 810 2193; x_wconf 74' lang='lat' dir='ltr'><em>initium</em></span> <span class='ocrx_word' id='word_1_167' title='bbox 847 2148 1117 2192; x_wconf 75' lang='lat' dir='ltr'><em>ducendum.</em></span> 
     </span>
    </p>

    <p class='ocr_par' dir='ltr' id='par_1_11' title="bbox 103 2219 1527 2419">
     <span class='ocr_line' id='line_1_27' title="bbox 225 2219 1524 2279; baseline -0.002 -14"><span class='ocrx_word' id='word_1_168' title='bbox 225 2223 365 2265; x_wconf 89' lang='lat' dir='ltr'><em>Porro</em></span> <span class='ocrx_word' id='word_1_169' title='bbox 400 2234 523 2265; x_wconf 81' lang='lat' dir='ltr'><em>actus</em></span> <span class='ocrx_word' id='word_1_170' title='bbox 558 2222 716 2279; x_wconf 74' lang='lat' dir='ltr'><em>aliquis</em></span> <span class='ocrx_word' id='word_1_171' title='bbox 751 2221 915 2277; x_wconf 87' lang='lat' dir='ltr'><em>duplici</em></span> <span class='ocrx_word' id='word_1_172' title='bbox 951 2219 1086 2262; x_wconf 81' lang='lat' dir='ltr'><em>modo</em></span> <span class='ocrx_word' id='word_1_173' title='bbox 1135 2233 1281 2277; x_wconf 79' lang='lat' dir='ltr'><em>potest</em></span> <span class='ocrx_word' id='word_1_174' title='bbox 1331 2219 1524 2263; x_wconf 79' lang='lat' dir='ltr'><em>divinam</em></span> 
     </span>
     <span class='ocr_line' id='line_1_28' title="bbox 103 2291 1526 2349; baseline -0.003 -12"><span class='ocrx_word' id='word_1_175' title='bbox 103 2293 273 2338; x_wconf 82' lang='lat' dir='ltr'><em>laedere</em></span> <span class='ocrx_word' id='word_1_176' title='bbox 308 2295 601 2349; x_wconf 79' lang='lat' dir='ltr'><em>maiestatem,</em></span> <span class='ocrx_word' id='word_1_177' title='bbox 636 2293 802 2335; x_wconf 74' lang='lat' dir='ltr'><em>scilicet</em></span> <span class='ocrx_word' id='word_1_178' title='bbox 835 2292 900 2335; x_wconf 70' lang='lat' dir='ltr'><em>vel</em></span> <span class='ocrx_word' id='word_1_179' title='bbox 926 2293 1070 2335; x_wconf 76' lang='lat' dir='ltr'><em>directe</em></span> <span class='ocrx_word' id='word_1_180' title='bbox 1095 2291 1163 2334; x_wconf 82' lang='lat' dir='ltr'><em>vel</em></span> <span class='ocrx_word' id='word_1_181' title='bbox 1187 2292 1392 2335; x_wconf 81' lang='lat' dir='ltr'><em>indirecte.</em></span> <span class='ocrx_word' id='word_1_182' title='bbox 1419 2292 1526 2334; x_wconf 82' lang='lat' dir='ltr'><em>Eam</em></span> 
     </span>
     <span class='ocr_line' id='line_1_29' title="bbox 104 2363 1527 2419; baseline -0.003 -12"><span class='ocrx_word' id='word_1_183' title='bbox 104 2363 267 2408; x_wconf 83' lang='lat' dir='ltr'><em>directe</em></span> <span class='ocrx_word' id='word_1_184' title='bbox 303 2363 483 2407; x_wconf 86' lang='lat' dir='ltr'><em>laedunt</em></span> <span class='ocrx_word' id='word_1_185' title='bbox 518 2376 641 2406; x_wconf 84' lang='lat' dir='ltr'><em>actus</em></span> <span class='ocrx_word' id='word_1_186' title='bbox 676 2378 849 2418; x_wconf 80' lang='lat' dir='ltr'><em>omncs,</em></span> <span class='ocrx_word' id='word_1_187' title='bbox 884 2364 959 2419; x_wconf 85' lang='lat' dir='ltr'><em>qui</em></span> <span class='ocrx_word' id='word_1_188' title='bbox 996 2374 1099 2404; x_wconf 84' lang='lat' dir='ltr'><em>sunt</em></span> <span class='ocrx_word' id='word_1_189' title='bbox 1148 2363 1406 2419; x_wconf 78' lang='lat' dir='ltr'><em>negationes</em></span> <span class='ocrx_word' id='word_1_190' title='bbox 1456 2378 1527 2404; x_wconf 83' lang='lat' dir='ltr'><em>ex-</em></span> 
     </span>
    </p>

    <p class='ocr_par' dir='ltr' id='par_1_12' title="bbox 138 2432 1527 2492">
     <span class='ocr_line' id='line_1_30' title="bbox 138 2432 1527 2492; baseline -0.003 -14"><span class='ocrx_word' id='word_1_191' title='bbox 138 2450 283 2478; x_wconf 85' lang='lat' dir='ltr'><em>ressae</em></span> <span class='ocrx_word' id='word_1_192' title='bbox 304 2436 518 2492; x_wconf 75' lang='lat' dir='ltr'><em>supremi,</em></span> <span class='ocrx_word' id='word_1_193' title='bbox 537 2433 655 2491; x_wconf 88' lang='lat' dir='ltr'><em>quod</em></span> <span class='ocrx_word' id='word_1_194' title='bbox 675 2435 797 2477; x_wconf 81' lang='lat' dir='ltr'><em>Deus</em></span> <span class='ocrx_word' id='word_1_195' title='bbox 818 2434 861 2476; x_wconf 87' lang='lat' dir='ltr'><em>in</em></span> <span class='ocrx_word' id='word_1_196' title='bbox 883 2448 950 2476; x_wconf 86' lang='lat' dir='ltr'><em>res</em></span> <span class='ocrx_word' id='word_1_197' title='bbox 971 2448 1127 2475; x_wconf 85' lang='lat' dir='ltr'><em>omnes</em></span> <span class='ocrx_word' id='word_1_198' title='bbox 1153 2433 1298 2488; x_wconf 82' lang='lat' dir='ltr'><em>habet,</em></span> <span class='ocrx_word' id='word_1_199' title='bbox 1324 2432 1527 2486; x_wconf 87' lang='lat' dir='ltr'><em>dominii,</em></span> 
     </span>
    </p>
   </div>
  </div>
 </body>
</html>
