1705 2787
771 57 1008 113 -55—

169 160 339 204 devient
370 159 664 218 incompatible
696 176 794 204 avec
825 161 863 205 le
895 162 990 205 bien
1021 161 1182 220 public3
1231 164 1336 206 mais
1380 175 1486 207 cette
1527 166 1604 208 cir-

165 233 438 289 conspection
467 244 527 275 est
558 249 640 276 une
672 235 857 277 maxime
890 233 941 278 de
972 234 1176 293 politique
1208 248 1250 279 et
1281 251 1368 278 non
1400 251 1472 294 pas
1520 252 1602 280 une

167 302 283 362 tegle
312 302 363 348 de
395 302 517 357 droit,
565 316 606 346 et
636 304 663 347 l’
685 306 766 348 etat
807 307 914 349 n’est
961 321 1032 364 pas
1078 306 1170 364 plus
1216 319 1316 350 tenu
1364 307 1414 351 de
1461 308 1604 351 laissee':

162 375 372 420 l'autorite
403 374 522 418 civile
553 377 576 418 ἒι
607 392 669 419 363
701 376 816 420 chefs
849 394 927 435 que
970 378 997 421 l’
1017 380 1193 422 autorite
1242 379 1435 422 militaire
1469 381 1492 423 ἐι
1539 396 1603 423 363

164 448 374 505 generaux
408 480 590 490 ......
623 448 896 493 L'ouverture
930 450 1000 494 des
1037 449 1281 494 assemblees
1319 451 1602 509 periodiques‚

165 520 237 577 qui
266 521 388 562 n'ont
418 534 526 575 pour
554 517 665 576 objet
697 535 775 577 que
808 520 845 563 le
878 522 1078 565 maintien
1111 521 1166 566 du
1197 523 1317 566 traite
1349 522 1489 577 social,
1513 522 1603 567 doit

164 591 354 648 toujours
384 606 426 633 se
458 589 556 633 faire
587 606 661 648 par
692 591 801 635 deux
844 595 1127 650 propositions
1175 597 1244 652 qu'
1264 609 1319 638 on
1369 611 1420 638 ne
1467 596 1603 652 puisse

162 663 307 720 jamais
338 663 582 720 supprimes,
615 674 655 705 et
688 664 758 720 qui
789 677 953 720 passent
1002 666 1264 722 separement
1313 682 1387 723 par
1418 666 1476 709 163
1523 665 1602 709 suf-

164 733 314 791 frageS.
349 759 402 764 -—
434 734 494 777 La
524 735 742 791 premiere,
776 735 839 777 s’il
865 736 966 793 plait
999 750 1052 778 cm
1071 739 1284 780 souverain
1313 737 1359 780 de
1394 753 1601 782 conserver

164 804 204 847 la
236 806 419 862 pre'sente
461 805 598 862 forme
645 804 692 847 de
739 815 1064 863 gonvemement.
1099 833 1152 838 ——-
1186 808 1246 851 La
1292 808 1484 862 seconde,
1530 809 1603 852 s’il

157 876 263 935 plait
293 890 346 918 cm
368 876 505 934 pechle
537 875 628 919 d’en
659 876 795 920 laisser
827 877 1184 922 l‘administmtion
1225 879 1251 921 ὰ
1297 895 1393 922 ceux
1439 881 1507 938 qui
1552 896 1600 924 en

162 955 252 991 sont
282 947 549 990 actzcellement
580 947 754 1006 charge's.
790 966 812 989 2)
849 949 929 993 Sed
962 949 1012 993 de
1044 950 1206 994 theoria
1237 951 1483 996 Rousseavii
1525 951 1599 995 sub

165 1031 352 1077 respectu
372 1018 545 1076 politico
568 1021 656 1073 erit,
681 1019 775 1064 data
797 1036 933 1077 opera,
969 1021 1179 1079 agendum
1204 1024 1246 1065 in
1269 1022 1465 1077 thesibus,
1500 1039 1601 1081 quas

167 1089 215 1133 de
237 1090 343 1133 civili
371 1091 548 1133 societate
579 1102 820 1134 statuemus.

662 1321 996 1366 ARTICULUS
1028 1323 1096 1366 ΠΙ.

596 1420 653 1458 De
689 1418 890 1458 societate
924 1418 1164 1459 domestica.

259 1554 353 1585 122.
387 1541 677 1585 Communitas
700 1541 927 1585 domestica
958 1542 1043 1584 sive
1076 1540 1288 1584 familiaris
1315 1560 1334 1582 ‹<
1360 1542 1593 1597 inchoatur,

163 1626 207 1658 ut
238 1615 322 1657 iam
355 1629 452 1657 cum
484 1614 674 1657 Suaresio
707 1613 949 1658 tradidimus
983 1613 1064 1672 (Ι),
1100 1629 1147 1656 cx
1179 1615 1356 1656 societate
1398 1616 1524 1658 maris
1560 1625 1594 1658 et

157 1686 352 1744 feminae,
386 1687 471 1728 sine
503 1700 584 1742 qua
614 1700 701 1727 non
738 1697 877 1742 posset
920 1700 1052 1741 genus
1096 1684 1328 1727 humanum
1372 1688 1595 1743 propagari

163 1770 231 1802 aut
262 1758 537 1814 conservari..
559 1791 629 1802 ...
661 1757 723 1800 Ex
753 1758 1044 1800 coniunctione
1078 1757 1154 1799 hac
1186 1758 1378 1813 proxime
1411 1759 1595 1814 sequitur

158 1825 318 1873 'societas
337 1827 522 1886 filiorum
555 1844 644 1871 cnm
682 1828 929 1888 parentibus,
968 1828 1062 1885 quia
1104 1828 1218 1884 prior
1261 1829 1500 1871 coniunctio
1543 1829 1593 1873 ad

160 1900 346 1944 filiorum
376 1899 667 1943 educationem
699 1899 923 1944 ordinatur.
963 1900 1039 1941 His
1077 1911 1215 1941 autem
1258 1900 1398 1941 statim
1440 1899 1594 1943 accedit

162 1973 379 2015 coniunctio
411 1972 542 2029 aliqua
572 1973 787 2025 servitutis,
822 1987 892 2013 seu
926 1970 1146 2013 famulatus
1193 1982 1231 2013 et
1274 1969 1463 2023 dominii,
1498 1972 1594 2028 quia

161 2042 374 2086 moraliter
395 2042 608 2100 loquendo
631 2043 818 2099 indigent
841 2042 1033 2084 homines
1056 2040 1264 2084 adiutorio
1288 2054 1328 2084 et
1360 2042 1592 2084 ministerio

161 2113 339 2157 aliorum
387 2113 623 2157 hominum.
667 2114 728 2156 Ex
771 2113 834 2155 his
877 2124 1015 2155 autem
1061 2110 1188 2154 tribus
1232 2112 1593 2154 coniunctionibus

161 2185 374 2243 consurgit
406 2186 539 2242 prima
588 2185 865 2228 communitas
913 2184 1149 2237 hominum,
1200 2199 1302 2240 quae
1353 2182 1592 2240 imperfecta

161 2256 308 2302 dicitur
339 2270 524 2315 respectu
556 2257 735 2315 politiae.
774 2274 792 2296 »
833 2281 885 2286 —-
921 2255 1030 2298 Cum
1071 2271 1122 2298 ex
1154 2254 1281 2298 tribus
1326 2254 1436 2298 hisce=
1485 2269 1590 2297 con-

231 2442 287 2489 (1)
313 2443 409 2478 Vide
436 2454 548 2488 super.
579 2453 656 2488 pag.
688 2452 740 2485 30.
