1705 2787
659 57 922 90 —2'21—

629 293 793 336 Tfflflsts
827 308 948 337 ant.

85 435 209 492 Quod
241 435 365 493 igitur
399 441 592 492 suprema
615 442 790 492 potestas
844 435 887 477 in
921 449 1000 476 nno
1042 434 1203 478 homine
1235 435 1410 479 resideat
1441 435 1505 478 vel

196 507 238 549 in
262 505 471 564 pluribus,
504 505 609 563 qnod
642 514 721 548 tota
754 507 795 548 in
829 520 871 547 eo
904 506 955 547 sit
987 506 1050 548 vel
1083 514 1284 564 exparte,
1307 506 1413 564 qnod.
1427 514 1502 564 per

196 577 480 620 haereditatem
504 576 554 619 ab
578 591 620 618 eo
642 578 942 635 transmittatur
979 576 1043 619 vel
1075 593 1204 634 secus,
1235 578 1330 621 haec
1365 580 1504 621 onmia

182 663 278 691 non
312 657 406 692 sunt
437 648 667 691 immediate
700 647 749 690 ah
782 649 874 706 ipsa
906 656 1080 691 natm-ae
1112 648 1208 706 lege,
1242 649 1311 692 sed
1344 648 1394 692 ab
1426 648 1502 692 ali-

196 734 272 777 quo
295 721 408 777 facto
441 719 621 762 humano
655 727 688 761 et
720 720 969 776 contingente
991 719 1219 762 immediate
1242 720 1432 762 oriuntur
1455 734 1501 762 ac

187 790 379 847 pendent.

169 934 264 977 168.
282 935 662 977 DEMONSTRATIO.
677 933 873 976 Breviter
890 931 1171 977 absolvemus
1189 933 1302 977 hanc
1321 933 1500 991 thesim,

76 1006 240 1064 quippe
273 1021 385 1064 quae
420 1019 511 1047 non
557 1016 622 1047 est
672 1004 757 1047 nisi
806 1004 1111 1061 corollarium,
1160 1005 1359 1063 illudque
1393 1008 1498 1049 satis

75 1078 270 1134 evidens,
305 1077 481 1120 theseos
520 1075 840 1133 praecedentis,

147 1149 491 1205 Determinatio
524 1148 724 1206 specialis
759 1147 943 1205 formae,
978 1148 1060 1192 sub
1084 1165 1168 1207 qua
1195 1165 1403 1207 suprema
1422 1166 1497 1194 au-

75 1224 255 1265 ctoritas
288 1223 336 1265 in
369 1233 579 1265 concreto
613 1232 831 1276 actuetur,
866 1220 935 1262 vel
969 1219 1018 1263 fit
1051 1220 1307 1264 immediate
1331 1221 1384 1264 ab
1404 1223 1498 1280 ipsa

74 1294 265 1337 naturali
298 1294 408 1351 lege,
443 1292 512 1336 vel
560 1304 626 1335 est
659 1307 681 1334 a
714 1291 810 1348 iege
844 1304 1027 1334 naturae
1076 1291 1299 1335 mediante
1348 1293 1498 1351 aliquo

72 1364 202 1423 facto,
236 1382 312 1409 seu
348 1376 674 1423 consequenter
699 1363 750 1406 ad
785 1363 964 1421 aliquod
988 1362 1154 1406 factum
1180 1364 1432 1408 humanum
1452 1378 1494 1408 et

73 1440 354 1495 contingens.
389 1438 542 1495 Atqui,
586 1448 634 1479 ut
668 1452 720 1479 ex
764 1436 879 1478 thesi
912 1435 1200 1493 praecedente
1235 1449 1369 1494 patet,
1404 1454 1495 1481 non

72 1510 121 1552 frt
154 1509 410 1553 immediate
443 1510 496 1551 ab
530 1510 623 1566 ipsa
658 1508 847 1550 naturali
882 1508 976 1563 lege
1001 1507 1088 1566 (1).
1124 1509 1242 1564 Ergo
1266 1522 1331 1551 est
1355 1509 1496 1566 alege

72 1594 254 1625 naturae
288 1581 510 1624 mediante
544 1581 694 1638 aliquo
728 1579 842 1622 facto
883 1579 1082 1621 humano
1117 1592 1159 1622 et
1193 1582 1496 1637 contingente.

141 1654 314 1715 ‘Itaque
337 1653 458 1711 quod
482 1653 627 1710 aliqua
651 1655 838 1695 societas
863 1664 1041 1709 regatur
1066 1651 1210 1694 forma
1234 1654 1496 1696 ›nonarchica

71 1727 221 1784 potius
241 1741 374 1783 quam
389 1725 668 1783 polyarchiea‚
693 1724 814 1782 quod
840 1737 1019 1781 regatur
1044 1723 1187 1766 forma
1210 1725 1497 1768 monarchica

70 1797 253 1841 absoluta
270 1799 421 1856 potius
440 1813 575 1856 quam
596 1805 828 1854 temperat-a,
853 1795 972 1853 quod
992 1808 1169 1852 regatur
1193 1795 1337 1838 forma
1358 1796 1496 1839 haere-

70 1870 222 1913 ditaria
255 1871 406 1928 potins
441 1885 578 1928 quam
610 1869 788 1924 electiva,
823 1868 927 1910 haec
963 1868 1113 1909 omnia
1148 1882 1239 1910 non
1274 1881 1378 1910 sunt
1413 1868 1495 1910 im-

69 1941 259 1985 mediate
293 1941 344 1985 ab
378 1944 472 2000 ipsa
513 1954 688 1998 natura,
722 1940 798 1983 sed
842 1939 893 1982 ab
928 1955 976 1982 ea
1025 1952 1129 1982 sunt
1173 1939 1363 1982 mediate
1397 1941 1423 1982 i.
1459 1956 1495 1983 e.

69 2028 395 2074 consequenter
418 2015 470 2059 ad
488 2014 655 2058 factum
676 2013 855 2072 aliquod
880 2013 1131 2056 humanum
1151 2025 1193 2055 et
1213 2013 1494 2069 contingens,

139 2217 185 2257 (1)
212 2214 290 2248 Huc
329 2224 482 2260 possunt
522 2214 688 2260 applicari
717 2214 823 2247 verba
852 2213 1020 2255 Suaresii,
1049 2212 1118 2246 des.
1147 2213 1206 2247 sid.
1233 2211 1255 2245 l.
1284 2211 1344 2246 111.
1365 2222 1441 2257 cap.
1463 2220 1494 2246 2.

72 2285 87 2305 α
115 2275 151 2310 Si
179 2275 437 2310 determinatio
467 2275 570 2310 fieret
597 2276 638 2309 ab
666 2275 741 2320 ipsa
768 2283 916 2308 naturae
945 2273 1035 2319 lege,
1064 2272 1296 2308 immutabilis
1325 2281 1430 2315 esset,
1460 2280 1493 2306 et

67 2336 185 2370 omnis
213 2336 366 2375 mutatio
394 2340 430 2372 in
457 2350 498 2372 ea
526 2338 619 2372 facta
646 2349 708 2383 per
734 2336 902 2370 homines
931 2334 1056 2369 suisset
1083 2335 1220 2381 iniqua:
1260 2334 1334 2369 imo
1363 2347 1491 2371 omnes

69 2401 242 2445 civitates,
270 2414 380 2450 regna
407 2402 464 2436 vel
491 2402 713 2447 respublicae
742 2400 916 2434 deberent
945 2398 1109 2434 eamdem
1130 2398 1395 2433 institutionem
1416 2410 1491 2432 ser-

67 2473 158 2496 Vase⁴
191 2480 207 2494 n
