1705 2787
686 48 948 92 *259*

103 140 151 184 in
188 138 422 185 individuo
457 139 795 185 determinatur.
832 141 1174 198 Consequenter
1197 138 1251 184 ad
1275 139 1384 184 facta
1404 139 1522 193 haec,

104 212 203 256 fieri
237 211 438 270 profecto
471 226 633 270 potest,
668 226 715 256 ut
749 214 953 271 quamvis
988 214 1084 256 iura
1117 215 1329 271 congenita
1357 213 1445 257 sint
1479 214 1523 255 in

102 284 314 328 omnibus
349 296 391 327 et
426 285 614 342 singulis
648 285 860 343 aequalia,
895 297 1046 328 tamen
1080 286 1125 328 in
1161 301 1254 329 uno
1276 287 1332 328 sit
1355 287 1425 329 ius
1449 284 1523 327 ali-

100 355 219 414 quod
253 357 499 414 acquisitum
531 372 609 400 seu
643 358 925 411 adventitium,
971 356 1093 414 quod
1136 373 1227 400 non
1277 358 1521 414 reperiatur

101 429 145 471 in
171 429 342 471 ceteris.
369 428 413 471 Si
437 440 644 471 naturam
669 429 744 471 tali
768 441 896 485 pacto
922 427 1277 485 consideremus,
1303 429 1522 473 haudraro

101 499 225 543 facile
260 500 358 556 erit,
392 499 540 544 videre
574 501 810 552 rationem,
844 515 920 542 cur
956 516 1162 557 suprema
1198 501 1376 558 politica
1399 514 1521 559 pote-

101 583 189 614 stas
224 570 575 628 independenter
601 572 733 629 etiam
759 587 780 613 a
805 586 1026 614 consensu
1054 572 1356 616 multitudinis
1381 573 1521 616 deter-

102 643 300 685 minetur
334 641 386 685 ad
421 657 559 685 unam
594 657 831 698 personam
868 641 935 683 vel
969 641 1020 684 ad
1070 656 1242 686 certum
1278 659 1519 687 numerum

100 729 420 770 personarum:
447 713 544 756 talis
569 714 681 757 ratio
707 715 788 756 erit
814 714 881 755 ius
907 713 1131 769 victoriae,
1158 716 1225 758 ius
1250 731 1301 758 ex
1321 717 1519 758 cessione

100 800 176 828 seu
214 783 456 828 donatione
490 798 642 828 ortum
678 797 758 828 etc.

189 857 248 899 Ut
282 858 420 913 igitur
456 855 507 900 ad
532 859 842 915 quaestionem
870 861 910 902 in
939 860 1024 903 fine
1051 860 1186 903 thesis
1222 861 1519 916 sexagesimae

99 938 245 970 sextae
278 928 556 984 propositam
590 926 663 985 (1)
699 928 946 985 redeamus,
983 930 1297 974 determinatio
1331 930 1519 974 subiecti

99 1014 175 1042 seu
212 998 381 1042 formae
415 999 631 1057 specialis,
666 1001 816 1058 inqua
840 1015 1035 1058 potestas
1070 1018 1277 1060 suprema
1299 1015 1516 1055 aetuetur,

98 1086 189 1114 non
225 1070 273 1114 fit
308 1070 564 1114 immediate
598 1070 650 1113 ab
685 1073 776 1129 ipsa
822 1075 1013 1117 naturali
1065 1074 1172 1131 lege,
1222 1074 1296 1118 sed
1331 1090 1353 1117 a
1402 1074 1516 1117 facto

98 1143 248 1201 aliquo
282 1142 483 1185 humano
507 1155 549 1185 et
573 1144 862 1200 contingente
888 1145 1141 1189 immediate
1167 1145 1407 1203 dependet:
1435 1146 1518 1188 hoe

97 1226 248 1257 autem
282 1213 449 1257 factum
484 1230 575 1258 non
611 1227 675 1258 est
710 1217 910 1271 unicum,
945 1217 1020 1260 sed
1055 1217 1289 1275 multiplex
1324 1234 1416 1260 esse
1442 1234 1517 1275 po-

98 1298 206 1330 test:
243 1301 334 1330 non
369 1298 434 1329 est
467 1286 760 1330 solummodo
795 1288 967 1339 electio„
992 1289 1066 1332 sed
1092 1291 1225 1332 etiam
1249 1302 1395 1346 potest
1420 1306 1513 1332 esse

97 1359 269 1401 iustum
306 1356 490 1414 bellum,
510 1359 650 1401 cessio
670 1374 747 1402 seu
770 1358 968 1416 donatio,
994 1362 1231 1404 necessitas
1252 1360 1441 1418 publica.

185 1429 246 1472 Ut
280 1428 615 1484 concludamus7
641 1445 693 1472 ex
718 1429 844 1473 dietis
870 1444 1002 1487 patet,
1037 1431 1268 1489 quomodo
1304 1432 1518 1488 distingui

96 1499 250 1544 debeat
274 1501 547 1558 propositio:
574 1502 806 1544 Auctoritas
833 1512 887 1544 cst
910 1518 934 1546 α
959 1503 1226 1546 multitudine.
1251 1505 1515 1560 Distinguo:

96 1572 336 1615 auctoritas
372 1573 416 1614 in
450 1588 495 1614 se
530 1584 721 1629 spectata
748 1588 861 1629 nego,
886 1574 1198 1617 determinatio
1223 1574 1406 1630 formae,
1433 1574 1514 1617 sub

96 1659 182 1703 qua
214 1656 432 1700 actuetur‚
466 1656 508 1687 et
541 1643 742 1699 subiecti,
778 1646 847 1688 cui
885 1646 1124 1702 inhaereat,
1160 1647 1274 1689 subd.
1303 1647 1409 1689 haee
1445 1646 1516 1689 de-

96 1716 353 1758 terminatio
387 1727 534 1773 potest
568 1731 662 1758 esse
697 1729 737 1758 et
763 1716 1001 1774 aliquando
1027 1730 1091 1760 est
1124 1734 1146 1760 a
1180 1734 1401 1761 consensu
1437 1735 1512 1761 seu

97 1785 313 1829 electione
346 1785 648 1829 multitudinis
694 1802 804 1829 sons.
840 1803 1013 1843 semper
1063 1801 1103 1830 et
1157 1791 1404 1831 necessario
1439 1805 1513 1832 seu

95 1872 147 1900 cx
180 1869 335 1900 natura
372 1858 432 1900 rei
468 1873 579 1913 nego.
616 1857 811 1900 Societas
847 1859 985 1901 civilis
1021 1858 1149 1902 debet
1186 1876 1275 1902 non
1312 1860 1446 1903 modo
1473 1862 1512 1903 in

94 1928 309 1985 abstracto,
343 1927 418 1971 scd
453 1930 586 1971 etiam
621 1929 662 1970 in
698 1940 877 1972 concreto
913 1931 1113 1986 spectari.
1149 1932 1253 1974 Non
1290 1933 1379 1974 sola
1416 1933 1508 1974 iura

95 2000 306 2056 congenita
325 1999 561 2056 spectanda
599 2011 718 2055 sunt,
753 1999 827 2042 sed
862 2002 996 2042 etiam
1033 2003 1125 2043 iura
1161 2003 1385 2058 acquisisti:
1424 2002 1516 2045 sieri

94 2082 244 2114 autem
278 2082 438 2128 potest,
475 2083 521 2114 ut
555 2072 678 2126 socii,
730 2073 810 2114 etsi
845 2073 932 2115 sint
981 2074 1185 2130 aequales
1240 2073 1384 2131 quoad
1419 2075 1514 2116 iura

95 2143 345 2198 congenita,
365 2157 455 2185 non
476 2144 564 2185 sint
590 2155 738 2185 tamen
763 2143 964 2200 aequales
990 2143 1135 2201 quoad
1165 2145 1255 2187 iura
1281 2146 1509 2203 acquisita.

94 2211 168 2255 sed
201 2214 257 2255 sit
291 2214 335 2256 in
370 2229 461 2256 uno
495 2213 565 2256 vel
598 2213 797 2270 pluribus
833 2215 895 2256 ins
934 2214 1100 2271 aliquod
1130 2217 1433 2272 praeexistens,
1470 2218 1511 2259 vi

165 2434 221 2477 (1)
249 2433 339 2468 Vide
368 2445 483 2480 super.
511 2446 590 2479 pag,
622 2445 697 2468 222.
