1705 2787
654 50 915 94 —247—

73 134 196 177 mine
230 144 428 177 naturae.
465 133 638 178 Verum
686 134 929 179 monarcha
962 150 1054 179 non
1103 133 1358 179 dominatur
1392 134 1496 179 sub-

85 204 186 249 ditis
211 206 296 248 nisi
329 205 530 262 politice:
565 207 750 250 inservit
782 207 834 250 iis
868 205 1032 264 quibus
1066 205 1241 250 videtur
1265 207 1496 264 imperare.

76 279 234 335 Neque
267 275 387 320 aliud
419 277 534 319 inter
569 278 769 334 regimen
817 278 1157 321 monarchicum
1192 290 1233 320 et
1267 277 1495 321 democra-

75 348 213 392 ticum
248 346 371 391 adest
403 346 644 392 discrimen
688 349 774 392 nisi
822 349 921 405 hoc⁷
954 348 1075 406 quod
1108 350 1154 392 in
1206 348 1494 392 monarchico

73 431 136 462 est
171 433 289 461 unus
323 417 476 473 homo,
499 420 577 475 qui
602 418 858 462 dominatur
881 418 1059 476 politice
1084 420 1254 475 ceteris,
1278 420 1323 462 in
1343 418 1495 462 demo-

73 491 235 534 cratico
260 502 324 533 est
349 491 652 533 communitas
673 491 949 534 considerata
962 491 1190 535 collective
1209 507 1284 549 per
1306 490 1496 534 modum

72 563 204 606 unius
239 561 438 618 corporis
472 562 667 615 moralis,
694 578 804 619 quae
824 562 1080 606 dominatur
1100 564 1277 621 politice
1302 563 1491 619 singulis

70 634 269 691 corporis
305 631 534 688 membris,
568 634 594 675 i.
630 626 672 675 e)
701 633 784 676 sibi
807 633 1109 677 consideratae
1134 633 1416 677 distributive
1441 635 1487 676 in

70 705 257 762 singulis
281 703 495 748 membris
521 704 608 763 (1).
632 732 684 736 —-
707 706 859 748 Aiunt:
886 706 1060 749 Omnes
1088 706 1292 749 homines
1318 718 1494 749 natura-

71 777 168 820 liter
187 788 292 819 sunt
311 776 363 819 ad
383 777 573 819 invicem
608 776 972 833 independentes,
995 794 1069 820 seu
1099 794 1212 820 unus
1239 778 1376 820 1101110
1400 794 1491 820 11011

70 860 134 891 est
167 848 291 891 alteri
325 847 564 891 subiectus.
600 848 643 891 Si
678 864 826 891 sermo
861 850 916 891 sit
950 848 1001 892 de
1027 849 1303 892 subiectione
1327 849 1492 905 servili,

70 936 205 979 eaque
239 922 389 963 stricte
424 919 552 976 dicta,
588 936 699 978 quae
749 920 915 963 scilicet
963 920 1198 964 descendat
1246 923 1289 964 in
1341 934 1489 964 totum

70 993 301 1035 hominem
336 991 424 1051 (2),
458 992 707 1049 propositio
742 1004 806 1034 est
840 1008 958 1035 vera:
1005 993 1079 1035 sed
1114 993 1239 1049 nihil,
1276 1005 1322 1036 ut
1358 1005 1492 1050 patet,

69 1075 213 1121 potest
247 1062 403 1106 exinde
437 1061 585 1119 colligi
619 1063 663 1105 in
698 1061 894 1105 favorem
928 1062 1140 1118 theoriae,
1175 1079 1308 1121 quam
1343 1064 1490 1120 impu-

68 1150 271 1192 gnamuS.
306 1135 363 1176 At
397 1134 433 1176 si
466 1149 615 1176 sermo
663 1134 718 1176 sit
767 1132 819 1176 de
867 1133 1159 1189 subiectione,
1192 1150 1319 1192 ¹quae
1353 1135 1398 1177 in
1433 1150 1487 1177 co

69 1207 296 1261 consistat,
330 1204 451 1263 quod
484 1206 582 1263 quis
632 1204 786 1248 debeat
820 1222 871 1248 ex
919 1206 1099 1248 alterius
1136 1205 1331 1249 hominis
1366 1221 1488 1263 prae-

68 1279 232 1335 scripto
266 1278 453 1334 operari,
488 1278 737 1334 propositio
787 1289 851 1318 est
886 1276 1003 1319 falsa.
1054 1277 1279 1320 Subiectio
1326 1276 1403 1320 filii
1437 1276 1488 1320 ad

67 1361 237 1406 patrem
271 1360 336 1390 est
370 1348 597 1403 naturalis,
631 1349 865 1404 supposito
909 1349 1097 1390 naturali
1133 1348 1268 1391 modo
1303 1363 1486 1405 genera—

68 1421 215 1464 tionis.
251 1418 477 1462 Subiectio
512 1420 662 1462 uxoris
697 1419 748 1462 ad
782 1421 930 1462 virum
965 1432 1029 1462 est
1065 1420 1291 1475 naturalis7
1327 1434 1490 1477 suppo-

68 1492 152 1533 sito
187 1506 432 1533 consensu:
467 1489 687 1547 siquidem
723 1506 833 1532 uxor
869 1490 1126 1533 naturaliter
1162 1502 1225 1532 est
1263 1491 1423 1532 «socia
1448 1491 1491 1532 in

68 1562 368 1618 generatione,
402 1560 598 1604 subiecta
632 1562 677 1604 in
710 1560 1034 1617 gubernatione
1069 1560 1155 1618 (3).
1185 1579 1204 1600 »
1241 1561 1385 1604 Simili
1411 1561 1492 1618 igi-

68 1643 138 1674 tur
173 1631 323 1687 modo,
358 1632 588 1689 supposita
621 1632 829 1674 societate
875 1631 1004 1685 civili,
1039 1631 1257 1674 subiectio
1290 1632 1487 1689 singula-

69 1718 168 1747 rum
192 1719 486 1761 personarum
505 1702 557 1746 ad
576 1703 797 1761 publicam
819 1715 1084 1760 potestatem
1098 1720 1173 1745 seu
1190 1704 1489 1760 principatum

138 1845 184 1885 (1)
210 1843 262 1877 Ex
288 1842 342 1876 his
370 1841 520 1877 solvitur
547 1842 703 1877 obiectio
732 1851 853 1876 contra
874 1842 1026 1876 formam
1055 1841 1238 1886 regiminis
1268 1840 1487 1876 democrati-

68 1914 163 1937 cam:
191 1901 375 1948 quomodo
403 1902 646 1936 communitas
673 1911 791 1946 potest
831 1914 909 1934 0550
950 1901 1012 1934 sibi
1054 1901 1238 1945 superior?
1266 1920 1308 1925 —
1338 1901 1398 1934 Est
1427 1900 1490 1933 sibi

68 1963 238 2007 superior,
266 1970 442 2007 quatenus
470 1961 535 1994 sub
564 1960 634 1994 alio
672 1969 705 1994 et
732 1960 801 1994 alio
830 1969 992 2005 respectu
1033 1959 1291 1994 consideratur.
1319 1960 1487 2004 Spectata

69 2021 253 2056 collective
280 2032 343 2066 per
371 2021 521 2054 modum
547 2021 650 2054 unius
679 2021 837 2064 corporis
859 2019 1004 2053 moralis
1034 2028 1085 2052 051
1105 2019 1266 2063 superior
1288 2028 1320 2052 et
1340 2020 1491 2064 imperat

68 2081 130 2115 sibi
158 2081 406 2115 consideratae
433 2080 655 2114 distributive
682 2080 716 2112 in
745 2078 891 2123 singulis
920 2079 991 2111 51115
1020 2079 1200 2112 membris.

138 2141 190 2185 (2)
215 2141 309 2175 Vide
338 2152 455 2186 super.
483 2141 574 2175 thes.
603 2141 670 2175 LII.
703 2141 747 2174 de
774 2141 957 2174 servitute.

137 2203 183 2245 (3)
211 2201 263 2235 Ita
290 2200 540 2239 Bellarminus,
569 2201 612 2233 de
641 2200 754 2234 Laicis
783 2199 802 2233 1.
830 2199 890 2232 ΙΙΙ.
918 2211 946 2233 c.
975 2210 1008 2243 7.
1038 2198 1109 2240 Qui
1138 2198 1258 2232 addit:
1280 2210 1295 2228 a
1316 2197 1407 2232 Illud
1428 2210 1491 2233 au-

68 2266 151 2301 tem,
177 2259 236 2293 sub
263 2259 336 2292 νίν-ἰ
356 2263 522 2304 potestate
549 2259 614 2291 cris
642 2258 748 2298 (Gen.
776 2257 835 2290 111.
867 2255 945 2301 16),
973 2269 1045 2290 11011
1072 2256 1251 2301 signilicat
1278 2268 1491 2301 quamcum-

68 2328 135 2362 que
163 2317 434 2360 subiectionem,
464 2317 525 2352 sed
553 2317 832 2351 involuntariam
862 2325 895 2350 et
923 2328 1003 2350 cuni
1024 2316 1163 2349 tristitia
1183 2328 1221 2349 ac
1243 2316 1383 2357 timore,
1405 2327 1490 2361 qua-

68 2375 138 2411 lem
164 2387 200 2412 ut
229 2377 420 2422 plurimum
449 2378 678 2422 experiuntur
706 2376 872 2410 mulieres
901 2376 1138 2420 coniugatae:
1166 2376 1213 2410 ita
1242 2375 1348 2409 docet
1365 2386 1393 2410 5.
1414 2376 1490 2409 Au-

71 2437 243 2482 gustinus,
272 2437 330 2471 lib.
358 2438 400 2473 11.
428 2438 560 2472 Genes.
588 2450 616 2472 c.
650 2448 702 2482 37.
730 2452 744 2469 >J
