1705 2787
815 114 865 120 -...
902 90 985 144 298
1022 113 1073 118 -.

243 210 290 241 ut
324 197 494 253 saepius
529 195 697 238 dictum
731 207 810 249 est,
845 195 882 236 ei
917 205 1178 251 competunt
1212 195 1307 237 iura
1341 195 1506 251 omnia,
1541 209 1654 252 quac

242 268 293 310 ad
328 267 464 310 civilis
500 267 713 308 consortii
748 264 879 308 finem
917 263 1244 322 assequendum
1268 278 1372 308 sunt
1397 266 1654 308 necessaria.

245 340 378 395 Atqui
413 337 464 380 ad
498 352 600 379 eum
635 336 772 379 finem
806 335 1101 379 obtinendum
1135 351 1225 379 non
1272 335 1502 379 sufficiunt
1536 336 1654 393 leges

243 423 284 452 et
318 409 563 451 sententiae
603 424 677 465 per
728 420 965 465 potestates
1016 407 1241 465 legiferam
1291 420 1332 450 et
1381 407 1656 451 iudiciariam

245 481 368 534 latae,v
402 478 476 521 sed
512 479 751 536 requiritur
786 493 938 520 earum
973 477 1246 521 observatio:
1284 490 1332 521 ut
1365 490 1514 520 autem
1549 477 1654 519 haec

244 551 469 605 habeatur,
504 550 747 591 necessaria
782 561 845 591 est
881 550 923 591 in
950 549 1146 606 principe
1171 561 1364 605 potestas
1390 548 1654 591 exsecutiva.

332 623 383 664 lit
417 637 520 664 sane
554 621 602 679 α)
636 621 752 676 leges
787 620 933 663 civiles
969 633 1072 662 sunt
1106 620 1398 663 universales:
1434 636 1468 662 e.
1503 635 1544 676 g.
1568 618 1656 662 dic-

241 706 334 736 tant
359 694 472 735 cives
498 708 577 749 pro
603 691 864 734 facultatum
889 706 997 748 quas
1022 690 1249 748 possident
1270 706 1477 734 mensura
1498 689 1656 734 debere

242 764 461 807 tributum
497 764 682 819 solvere,
717 765 899 806 iuvenes
950 763 1143 805 valentes
1178 761 1346 806 viribus
1381 775 1422 805 ct
1471 762 1655 805 idoneos

241 834 397 878 debere
432 848 553 877 certo
588 850 777 876 numero
811 849 978 876 nomen
1013 834 1195 876 militiae
1231 833 1332 876 dare
1367 846 1446 876 etc.
1482 832 1655 876 Debent

240 922 345 963 ergo
380 906 496 963 leges
531 905 678 948 civiles
714 905 765 948 ad
801 905 1081 962 particularia
1105 905 1335 962 applicari:
1368 905 1472 948 haec
1507 917 1656 948 autem

240 978 474 1035 applicatio
510 978 665 1035 nequit
699 976 882 1020 arbitrio
919 978 1203 1034 singulorum
1237 978 1403 1020 civium
1439 976 1653 1034 relinqui:

239 1062 303 1092 est
337 1050 472 1106 igitur
508 1061 726 1091 reservata
761 1049 925 1091 actioni
949 1049 1147 1105 supremi
1173 1047 1440 1105 reipublicae
1465 1049 1654 1091 motoris

239 1134 279 1163 et
314 1120 584 1164 ordinatoris
620 1119 706 1179 (1).
743 1147 795 1151 —-
830 1121 1016 1177 Insuper
1049 1120 1095 1178 β)
1130 1121 1244 1163 cives
1268 1119 1349 1162 sub
1374 1119 1544 1177 legibus
1568 1134 1656 1162 ma-

238 1204 345 1234 nent
379 1191 504 1235 liberi
538 1193 563 1234 i.
589 1207 624 1234 e.
650 1207 753 1235 cum
777 1191 957 1248 physica
981 1204 1199 1249 potestate
1224 1207 1293 1233 eas
1318 1191 1536 1235 violandi:
1562 1193 1654 1234 imo

241 1262 358 1306 haud
393 1264 522 1321 pauci
555 1264 645 1306 sive
679 1262 844 1304 malitia
879 1263 968 1304 sive
1003 1263 1284 1305 contumacia
1308 1264 1396 1305 sive
1421 1263 1554 1305 etiam
1579 1278 1654 1305 na-

236 1334 367 1376 turali
402 1333 593 1392 quadam
627 1334 721 1375 vitii
757 1333 1015 1375 necessitate
1040 1332 1091 1375 ad
1116 1348 1184 1374 eas
1211 1331 1558 1375 contemnendas
1584 1348 1654 1375 va-

237 1405 322 1448 lide
355 1390 663 1462 impelluntur.
697 1405 796 1446 Nisi
830 1419 936 1461 ergo
961 1405 1164 1460 princeps
1190 1416 1361 1460 praeter
1385 1416 1654 1460 potestatem

234 1475 460 1533 legiferam
495 1475 652 1518 habeat
676 1476 809 1517 etiam
836 1476 1077 1517 coactivam
1103 1490 1178 1517 seu
1204 1476 1517 1531 exsecutivam,
1542 1474 1651 1518 illud

233 1562 336 1589 cum
361 1545 511 1589 divino
530 1558 657 1603 poeta
673 1545 745 1604 (2)
770 1546 907 1602 repeti
927 1544 1128 1588 deberet:
1158 1562 1177 1585 «
1195 1546 1251 1588 Le
1269 1545 1373 1602 Iaggi
1393 1560 1481 1602 son,
1502 1560 1568 1588 ma
1593 1545 1656 1588 chi

225 1626 308 1675 pon
343 1632 463 1660 mano
487 1617 540 1660 ad
563 1618 680 1660 essa?
708 1635 727 1657 »
755 1617 868 1659 Sunt
892 1617 1024 1673 leges,
1059 1617 1134 1660 sed
1158 1619 1366 1675 quisnam
1391 1633 1436 1660 se
1460 1618 1652 1675 applicat

233 1687 284 1730 ad
309 1703 378 1729 eas
414 1686 737 1731 observandas?
773 1686 967 1744 Oportet
1001 1703 1107 1744 ergo
1142 1700 1189 1730 ut
1213 1688 1342 1743 cives,
1367 1687 1505 1745 aliqui
1527 1703 1651 1745 prae-

234 1760 401 1814 sertim,
446 1759 722 1816 applicentur
768 1757 819 1801 ad
864 1757 1266 1816 obtemperandum
1315 1758 1502 1816 legibus.
1553 1760 1650 1802 Hoc

233 1843 381 1873 autem
416 1829 464 1873 fit
498 1846 518 1872 a
554 1843 772 1887 potestate
811 1832 1075 1887 exsecutis-a,
1107 1847 1217 1888 quae
1251 1832 1366 1875 cives
1391 1832 1543 1888 pigros
1578 1847 1652 1875 ur-

234 1914 320 1958 get,
355 1901 557 1944 nolentes
594 1903 727 1958 cogit,
776 1900 984 1944 adhibitis
1020 1903 1168 1957 etiam,
1203 1915 1252 1944 ut
1301 1903 1389 1944 iam
1440 1901 1653 1958 diximus,

234 1974 425 2015 externis
460 1973 522 2015 vis
556 1973 729 2015 socialis
766 1971 988 2015 subsidiis.

327 2045 421 2100 184.
457 2046 751 2088 DECLARATIO
786 2060 1000 2089 Amemus
1034 2060 1199 2089 PARTis.
1235 2046 1471 2098 Quaenam
1503 2058 1653 2089 autem

235 2127 339 2157 sunt
375 2116 649 2158 exsecutivae
683 2115 816 2158 huius
840 2117 1072 2173 potestatis
1096 2115 1251 2160 dotes?
1275 2116 1387 2159 Sunt
1411 2129 1498 2159 tres
1529 2131 1652 2174 prae-

307 2347 361 2390 (Ι)
389 2347 463 2381 Hac
491 2348 533 2381 de
562 2359 666 2383 causa
694 2359 853 2394 potestas
882 2349 1085 2383 exsecutiva
1125 2348 1264 2382 definiri
1305 2348 1414 2382 etiam
1454 2347 1557 2390 solet,
1597 2348 1651 2382 ius

238 2404 435 2450 applicandi
465 2405 562 2450 leges
591 2407 632 2440 ad
659 2407 894 2452 particularia.
924 2406 977 2441 Cf.
1006 2407 1218 2452 Tongiorgi,
1246 2406 1324 2441 Eth.
1352 2418 1451 2441 num.
1477 2408 1557 2449 485.

309 2463 365 2505 (2)
391 2464 535 2504 Fumat.
563 2465 659 2499 XVI.
685 2477 741 2509 οῖ.
774 2480 779 2487 ·
