1705 2787
666 60 926 114 *287—

84 167 327 226 applicetur
349 167 624 223 hominibus,
644 167 720 224 qui
738 165 985 209 secundum
1005 180 1101 207 eam
1121 164 1312 221 regulari
1331 163 1506 207 debent.

87 237 210 281 Talis
244 248 395 294 autem
428 236 663 294 applicatio
698 235 747 278 fit
794 251 870 293 per
906 235 1005 291 hoc,
1053 234 1173 292 quod
1207 236 1252 277 in
1301 234 1508 276 notitiam

87 323 244 351 eorum
278 306 512 351 deducitur
547 322 599 350 ex
632 308 724 365 ipsa
758 306 1135 364 promulgatione.
1160 305 1289 349 Unde
1312 305 1511 363 promul·

85 378 205 435 gatio
240 378 332 436 ipsa
368 377 612 420 necessaria
649 389 713 419 est
747 375 799 420 ad
833 376 933 431 hoc,
967 375 1086 434 quod
1111 376 1178 419 lex
1205 375 1360 418 habeat
1384 390 1510 419 suam

84 450 312 492 virtutem.
343 465 363 488 »

174 520 374 573 Quaeres
419 530 583 570 autem,
645 517 933 576 quandonam
992 518 1296 575 promulgatio
1340 519 1511 562 censeri

85 588 243 632 debeat
282 588 520 646 sufficienter
570 586 694 631 facta.
746 615 797 619 ——
848 588 1105 645 Respondet
1153 588 1374 646 Tarquini
1422 588 1510 648 (Ι),

89 678 109 701 «
138 660 550 718 promulgationem
583 646 690 717 legis
737 661 818 703 rite
853 676 946 702 esse
996 659 1170 718 factam,
1205 662 1241 704 si
1289 659 1514 703 eiusmodi

89 734 146 776 sit
182 745 237 793 ut
261 732 369 789 legis
404 731 562 773 notitia
605 729 792 774 diffundi
826 730 877 774 ad
915 746 1071 773 omnes
1118 731 1322 775 moraliter
1358 733 1512 789 possit.

89 805 217 863 Quae
245 803 371 845 enim
405 801 502 845 talis
539 813 618 851 est,
653 817 754 845 vere
789 802 1011 845 sufficiens
1047 802 1246 846 habenda
1281 816 1368 847 est:
1390 818 1514 861 prae-

88 876 242 919 sertim
276 890 380 918 cum
415 889 466 916 ex
499 886 621 931 parte
655 874 919 931 legislatoris
955 890 1055 917 vera
1089 876 1144 917 sit
1178 875 1512 933 impossibilitas

90 962 187 990 eam
219 946 400 1005 physice
435 946 623 1003 singulis
657 945 845 989 faciendi
879 946 966 1005 (2),
1002 964 1053 990 ex
1086 961 1207 1005 parte
1242 960 1392 991 autem
1411 947 1513 990 sub—

90 1018 290 1062 ditorum
313 1033 414 1062 vera
439 1016 670 1061 incumbat
689 1017 902 1075 obligatio
927 1019 1043 1075 leges
1063 1018 1363 1076 cognoscendi
1381 1019 1424 1077 (3
1438 1021 1467 1076 ).
1491 1038 1510 1060 »

90 1090 143 1132 Et
178 1089 283 1131 haec
317 1088 369 1132 de
403 1088 778 1146 promulgatione,
814 1087 865 1131 de
890 1104 973 1146 qua
1009 1090 1135 1147 plura
1159 1090 1252 1133 aliis
1279 1091 1385 1133 locis
1406 1090 1512 1133 dixi-

90 1175 205 1217 mus,
238 1159 458 1204 sufficiant
495 1159 582 1218 (4).

209 1232 262 1275 ΙΙ.
297 1232 437 1274 Porro
472 1231 606 1274 relate
640 1231 692 1274 ad
727 1231 843 1289 leges
879 1233 1026 1275 civiles
1054 1232 1135 1276 hoc
1160 1246 1306 1291 potest
1325 1233 1513 1277 dubium

94 1318 351 1347 occurrere:
388 1315 556 1356 utrum,
595 1316 642 1346 ut
677 1319 750 1346 eae
785 1319 912 1347 suam
938 1304 1126 1347 habeant
1150 1306 1363 1347 virtutem
1389 1321 1513 1348 suos-

94 1392 179 1435 que
213 1374 462 1434 producant
496 1375 689 1431 effectus,
740 1377 985 1418 necessaria
1018 1377 1073 1418 sit
1123 1377 1255 1419 etiam
1304 1378 1515 1434 acceptatio

84 1447 239 1506 populi,
273 1463 383 1506 quae
421 1460 520 1505 post
544 1448 955 1505 promulgationem
990 1449 1206 1505 sequitur.
1233 1474 1285 1479 —
1310 1449 1510 1506 Respon-

93 1519 250 1562 demus
284 1532 434 1562 autem
467 1519 713 1562 illiusmodi
747 1519 1098 1576 acceptationem
1133 1534 1224 1561 non
1258 1534 1351 1561 esse
1377 1519 1428 1562 de
1449 1535 1513 1562 ra-

96 1592 217 1634 tione
251 1591 374 1648 legis,
409 1606 488 1634 nec
522 1589 767 1634 formaliter
802 1591 1040 1634 convenire
1074 1590 1204 1633 alicui
1240 1591 1339 1648 legi,
1374 1592 1517 1634 immo

99 1660 434 1720 quodammodo
469 1677 569 1705 cum
605 1661 721 1704 illius
758 1663 928 1704 ratione
964 1676 1174 1718 pugnare.

168 1859 224 1905 (Ι)
252 1860 318 1894 Iur.
349 1859 432 1894 eccl.
461 1859 554 1905 publ.
582 1860 734 1895 institut.
764 1859 820 1893 lib.
850 1870 876 1892 1.
908 1871 981 1903 cap.
1014 1871 1040 1893 1.
1071 1868 1155 1893 met.
1190 1871 1216 1893 1.

169 1921 225 1965 (2)
254 1919 309 1954 Cf.
336 1931 413 1965 cap.
447 1931 475 1954 1.
502 1920 544 1953 de
573 1919 702 1964 postul.
733 1919 883 1953 praelat.

169 1981 226 2025 (3)
253 1980 308 2015 Cf.
335 1992 412 2025 cap.
445 1991 473 2025 3.
510 1980 553 2014 de
581 1979 726 2023 Regulis
770 1981 853 2013 luris
895 1981 926 2012 iu
967 1981 1016 2013 65·
1045 2000 1086 2005 —-
1115 1979 1207 2013 X'ide
1249 1980 1356 2013 ctiam
1389 1979 1458 2013 vol.
1492 1991 1519 2013 1.

102 2053 182 2087 pag.
209 2051 293 2087 409.

172 2101 223 2144 (4)
250 2099 355 2134 Plura
382 2100 426 2134 de
452 2099 742 2144 promulgatione
780 2099 861 2132 vide
890 2099 981 2143 apud
1021 2099 1076 2133 cit.
1106 2108 1281 2133 auctores.
1310 2119 1351 2123 —
1383 2099 1418 2132 In
1448 2110 1518 2144 quo

100 2159 341 2205 promulgatio
372 2168 406 2193 et
444 2158 641 2203 divulgatio
682 2158 857 2198 tlitl'eranr,
898 2159 978 2191 vide
1019 2170 1133 2203 super.
1174 2158 1245 2192 vol.
1278 2170 1304 2192 1.
1333 2170 1412 2203 pag.
1443 2169 1521 2202 245.

101 2218 222 2253 adnot.
252 2229 280 2262 3.
307 2237 349 2243 —-
379 2219 466 2252 Esse
494 2219 661 2262 scriptam
692 2227 790 2251 estne
819 2218 861 2251 de
891 2218 1027 2251 ratione
1057 2217 1168 2261 legis?
1197 2218 1377 2262 Scriptura
1405 2227 1522 2253 mate-

102 2277 196 2311 rialis
225 2286 260 2311 et
287 2286 433 2311 externa
460 2289 532 2311 nou
561 2286 612 2310 est
641 2277 684 2310 tle
719 2278 855 2311 ratione
885 2276 983 2321 legis.
1013 2279 1066 2311 l)e
1096 2277 1174 2321 lege
1215 2286 1333 2310 autem
1361 2277 1518 2311 humana

104 2336 294 2371 dicendum
322 2346 386 2379 est,
414 2336 623 2380 regulariter
651 2345 685 2370 et
711 2337 910 2379 generatim
939 2349 1009 2369 uon
1040 2337 1114 2370 lieri
1134 2337 1209 2370 siue
1230 2337 1412 2380 scriptura,
1436 2337 1522 2382 quia

105 2407 230 2429 revera
257 2395 305 2429 ita
333 2395 485 2439 expedit,
514 2404 551 2429 ut
578 2394 675 2437 leges
714 2395 782 2428 sint
810 2395 1024 2438 conspfcuae
1054 2404 1088 2428 et
1107 2407 1177 2429 uon
1201 2394 1302 2427 facile
1323 2394 1527 2429 mutabiles-

107 2453 161 2489 Cf.
190 2455 320 2488 Suarcz
349 2453 369 2487 l.
397 2455 453 2488 cit.
481 2465 578 2487 num.
610 2455 628 2484 8
657 2463 691 2488 et
718 2465 750 2499 9.
