1705 2787
770 108 823 124 *—
864 91 942 135 '108
977 108 1028 123 ——·

187 192 282 231 ‘tum
318 176 493 230 easdem
529 187 668 243 magis
704 187 746 228 in
782 185 1012 229 individuo
1066 185 1376 241 determinare,
1425 174 1603 243 quando

187 258 228 301 id
264 274 374 315 opus
409 259 464 300 sit
489 257 539 300 ad
575 258 917 299 convenientem
954 257 1138 299 humani
1171 257 1345 312 generis
1390 270 1604 312 propaga-

187 331 372 385 tionem,
408 341 449 371 et
483 327 735 384 generalem
777 328 1094 383 coniugiorum
1115 326 1367 369 felicitatem
1388 338 1429 368 et
1463 325 1602 368 hone-

185 413 358 443 statem.
394 402 483 442 Lex
506 412 654 441 autem
690 400 877 455 positiva
910 398 985 456 (de
1019 399 1200 441 hnmana
1254 398 1504 456 loquimur)
1539 409 1605 440 est

185 471 359 528 duplex,
394 470 661 513 ecclesiastica
695 481 737 511 et
771 469 919 512 civilis.
971 468 1106 522 Quod
1142 481 1328 526 utraque
1364 468 1430 510 lex
1464 468 1605 525 possit

187 541 404 584 declarare
439 541 578 596 magis
613 552 654 582 et
691 555 846 596 urgere
882 541 1101 582 naturales
1128 539 1207 581 hac
1240 539 1291 582 de
1316 555 1361 582 re
1396 539 1606 596 praescri-

187 613 376 668 ptiones,
412 622 542 667 patet.
575 608 658 652 Sed
678 625 748 651 eas
773 611 912 666 magis
948 611 992 652 in
1027 608 1257 652 individuo
1278 608 1603 660 determinare,

189 682 269 723 hoc
295 694 418 723 estne
443 695 607 722 munus
643 680 750 736 legis
786 681 1117 735 ecclesiasticae,
1152 695 1205 722 an
1240 695 1343 721 vero
1369 679 1547 723 civilis?

276 752 351 794 IV.
387 751 631 804 Quaeritur
666 750 845 806 scilicet,
871 764 1021 793 utrum
1057 762 1250 807 potestas
1305 748 1607 792 constituendi

187 821 505 878 impedimenta
530 823 868 864 matrimonium
890 820 1216 878 dirimentla(1),
1235 832 1402 876 spectet
1420 819 1471 863 ad
1490 820 1608 862 eccle-

187 894 391 935 siasticam
427 893 754 947 auctoritatem,
790 907 841 933 an
878 907 981 934 vero
1016 904 1182 948 spectet
1216 891 1266 933 ad
1297 892 1607 934 auctoritatem

187 963 359 1006 civilem.
396 989 448 993 ——
483 963 533 1005 In
587 963 807 1019 praesenti
841 961 1151 1019 providentiali
1186 961 1340 1004 ordine
1376 963 1607 1005 matrimo-

188 1036 315 1078 nium
349 1036 463 1077 inter
499 1033 781 1077 Christianos
816 1046 880 1076 est
928 1045 1270 1076 sacramentum:
1328 1034 1605 1077 matrimonii

186 1119 337 1154 autem
371 1118 700 1148 sacramentum
736 1121 826 1148 non
870 1107 957 1147 iam
992 1117 1057 1146 est
1101 1105 1245 1162 aliqua
1279 1120 1345 1147 res
1381 1120 1456 1148 seu
1492 1106 1602 1148 ritus

188 1178 437 1221 contractui
471 1176 796 1234 superadditus,
831 1176 906 1219 sed
942 1176 1148 1219 Christus
1184 1177 1243 1218 ita
1277 1178 1419 1219 evexit
1453 1178 1603 1219 matri-

189 1251 396 1292 monium
431 1248 483 1291 ad
518 1248 780 1305 dignitatem
805 1249 1084 1303 sacramenti,
1111 1259 1157 1290 ut
1183 1260 1372 1305 nequeat
1396 1250 1510 1291 inter
1538 1248 1608 1291 ba-

189 1321 378 1376 ptizatos
416 1320 564 1375 vigere
598 1320 642 1361 in
678 1320 848 1360 ratione
903 1330 1173 1373 eontractuS,
1223 1319 1329 1375 quin
1386 1318 1520 1360 simul
1553 1319 1609 1361 sit

189 1403 527 1447 sacramentum
553 1389 640 1448 (2)
675 1391 876 1432 Iamvero
911 1400 1295 1431 sacramentorum
1343 1390 1547 1445 regimen
1583 1405 1605 1431 e

237 1589 287 1633 (1)
316 1589 591 1633 Distinguantur
618 1589 875 1634 impedimenta
903 1589 1114 1631 diffluentia,
1143 1600 1176 1624 et
1208 1590 1465 1635 impedimenta
1506 1590 1610 1636 impe—

190 1649 329 1682 tlicntz'it.
359 1649 455 1682 Haec
484 1647 594 1682 altera
623 1649 775 1683 reddunt
803 1649 1073 1682 matrimonium
1101 1649 1332 1683 solummodo
1363 1650 1547 1684 illicilum:
1575 1659 1609 1684 at

190 1708 307 1752 priora
334 1706 393 1740 illa
420 1707 690 1741 matrimonium
720 1707 878 1741 efficiunt
907 1708 1013 1741 etiam
1043 1708 1246 1750 inwlidmn,
1275 1709 1301 1741 si
1331 1707 1434 1742 fuerit
1455 1717 1610 1743 attenta—

191 1776 278 1801 tum.
305 1767 374 1808 sic,
402 1766 671 1800 matrimonium
700 1778 781 1800 cum
819 1766 987 1800 Ecclesiae
1018 1768 1122 1800 vetito
1159 1776 1375 1812 susceptum,
1415 1777 1478 1810 est,
1506 1768 1533 1802 si
1561 1767 1610 1801 nil

191 1825 285 1859 aliud
312 1825 440 1867 obstet,
466 1824 635 1867 validum,
663 1825 726 1858 sed
754 1824 932 1859 illicitum:
962 1834 996 1859 at
1024 1826 1316 1871 consanguinitas
1343 1827 1378 1859 in
1398 1826 1492 1861 linea
1513 1835 1611 1862 recta

192 1894 245 1918 est
272 1885 569 1929 impedimentum
597 1884 767 1918 dirimens
807 1885 1088 1918 matrimonium.
1129 1887 1232 1926 Quae
1260 1886 1303 1919 de
1342 1887 1609 1931 impedimentis

191 1944 438 1977 dirimentibus
466 1944 627 1985 dicimus,
656 1952 820 1988 aptentur
846 1944 1110 1988 impedimentis
1139 1956 1236 1978 mere
1264 1945 1550 1989 impedientibus.

237 2003 286 2049 (2)
303 2004 340 2037 In
360 2004 497 2049 Syllaba
518 2012 710 2049 sequentes
731 2004 774 2037 de
794 2005 1025 2037 Matrimonio
1042 2004 1234 2037 christiano
1251 2005 1515 2049 propositiones
1531 2015 1612 2037 con—

194 2062 418 2096 demnantur.
447 2063 528 2096 Sub.
556 2074 641 2096 num
669 2063 800 2096 LXV:
830 2074 845 2091 ι(
872 2062 979 2096 Nulla
1006 2063 1144 2096 ratione
1172 2062 1252 2095 ferri
1281 2071 1399 2107 potest
1427 2063 1609 2096 Christum

188 2123 353 2157 evexisse
370 2123 639 2155 matrimonium
659 2122 701 2156 ad
718 2122 929 2167 dignitatem
950 2122 1174 2156 sacramenti.
1198 2136 1213 2153 »
1245 2122 1315 2155 Sub
1336 2133 1433 2156 num.
1461 2123 1585 2155 LXVI.
1604 2134 1610 2155 z

196 2193 211 2210 (ι
238 2181 457 2214 Matrimonii
485 2189 751 2214 sacramentum
779 2192 850 2213 non
878 2190 932 2214 est
958 2181 1023 2213 nisi
1052 2181 1135 2225 quid
1155 2181 1351 2214 contractui
1370 2181 1610 2214 accessorium

190 2240 236 2286 *ab
265 2251 379 2284 eoque
407 2239 615 2284 separabile,
643 2240 831 2283 ipsumque
858 2248 1124 2273 sacramentum
1151 2239 1185 2271 in
1213 2251 1281 2272 una
1308 2247 1447 2272 tantum
1462 2239 1610 2284 nuptiali

193 2299 444 2333 benedictione
471 2300 578 2333 situm
605 2309 668 2333 est.
687 2313 701 2329 υ
731 2300 773 2332 Et
800 2299 834 2331 in
862 2299 963 2344 epist.
984 2299 1036 2332 Pii
1055 2299 1114 2332 IX.
1136 2298 1178 2332 ad
1199 2310 1322 2343 regem
1341 2299 1537 2341 Sardiniae,
1554 2299 1611 2333 die

194 2372 215 2406 9
242 2360 337 2404 Sept.
360 2362 456 2403 1852,
485 2360 574 2393 haec
602 2360 785 2405 leguntur:
816 2372 831 2389 «
846 2352 872 2393 E
893 2360 1040 2395 domina
1060 2359 1093 2392 di
1117 2358 1197 2393 fede
1215 2370 1334 2393 essere
1353 2368 1447 2393 stato
1468 2358 1609 2394 elevato

190 2420 217 2454 il
244 2421 475 2454 matrimonio
503 2421 546 2454 da
573 2421 616 2454 N.
645 2421 678 2454 S.
707 2421 749 2455 G.
779 2421 818 2454 C.
847 2421 920 2454 alla
941 2422 1075 2466 dignita
1103 2421 1135 2454 di
1163 2430 1400 2463 sacramento,
1429 2421 1471 2454 ed
1492 2423 1510 2454 e
1529 2421 1611 2454 dot-

194 2481 285 2516 trina
311 2480 403 2514 della
431 2481 563 2515 Clnesa
592 2480 766 2514 Cattolica
795 2481 860 2514 che
888 2480 911 2513 il
951 2490 1176 2514 sacramento
1203 2492 1275 2514 non
1317 2482 1334 2514 'e
1370 2492 1439 2514 una
1478 2481 1610 2527 qualit&
