1705 2787
259 142 352 187 lloc
381 158 424 186 ut
460 144 693 200 intelligas,
718 156 908 201 quatuor
937 156 1039 186 sunt
1074 155 1271 186 accurate
1304 139 1576 200 perpenden—

168 216 217 259 da
238 216 323 274 (1).
349 242 400 246 -—
425 216 472 273 tl)
497 215 669 271 Duplex
694 215 906 270 distingui
941 214 1069 257 debet
1094 214 1344 270 caelibatus,
1369 215 1475 257 alter
1500 215 1576 272 qui

167 288 310 329 vocari
333 298 475 343 potest
501 301 604 328 merc
628 286 854 341 negativus,
876 285 983 327 alter
1002 285 1076 342 qui
1101 284 1184 327 dici
1202 286 1577 342 potestpositivns.

169 359 293 400 Prior
314 359 382 400 ille
402 359 510 400 situs
537 370 599 399 est
620 358 664 399 in
689 357 779 399 sola
803 355 998 398 absentia
1023 355 1189 399 stabilis
1214 357 1377 399 vinculi
1403 357 1579 398 marita-

168 429 231 471 lis:
258 444 359 471 cum
381 428 461 470 hoc
482 429 686 484 negativo
706 426 917 470 caelibatu
939 428 1180 470 consistere
1205 439 1350 484 potest
1370 428 1471 483 vita,
1493 438 1541 470 ut
1559 442 1581 468 a

168 501 421 556 nuptiarum
450 498 659 541 oneribus
684 498 832 554 libera,
853 499 909 540 ita
934 499 1065 540 etiam
1091 498 1291 540 licentiae
1316 498 1582 555 flagitiisque

168 569 324 612 dedita.
359 570 481 611 Alter
515 581 661 611 autem
699 570 740 611 in
777 584 828 611 eo
863 570 972 611 situs
993 581 1071 625 est,
1091 568 1210 626 quod
1244 569 1341 626 quis
1360 584 1381 611 a
1417 569 1582 625 nuptiis

168 642 333 682 alienus
354 641 521 682 sincere
536 655 582 682 ac
598 639 783 683 firmiter
803 651 965 682 statuat
979 638 1137 682 ducere
1152 641 1284 683 vitain
1300 655 1322 682 a
1336 639 1581 683 carnalibus

167 710 466 768 voluptatibus
491 712 756 767 immunem,
775 711 997 769 simulque
1016 712 1097 769 piis
1124 711 1339 769 bonisque
1373 710 1581 770 operibus

168 783 398 824 intentam.
417 783 482 825 De
518 781 600 824 hoc
633 782 770 825 altero
795 781 1005 825 caelibatu
1031 798 1178 826 sermo
1212 782 1340 826 nobis
1374 795 1453 840 est,
1478 798 1580 826 cum

168 871 269 898 eum
305 871 397 897 esse
432 855 663 897 meliorem
703 856 912 911 coniugio
946 854 1232 899 affirmamus
1259 882 1311 887 ——
1347 855 1391 914 b)
1425 855 1581 898 Melio-

169 941 258 968 rem
295 937 442 968 autem
478 941 571 967 esse
599 924 786 968 dicimus
811 926 855 968 in
881 927 1066 981 ratione,
1085 941 1176 968 non
1203 925 1410 969 bonitatis
1436 927 1581 969 cuius-

166 996 283 1052 libet,
308 996 381 1040 sed
398 997 659 1054 perfectionis
694 996 876 1040 moralis.
903 998 1021 1040 Haec
1061 998 1240 1040 moralis
1265 996 1475 1055 perfectio
1500 998 1581 1040 sita

165 1081 228 1111 est
253 1070 295 1110 in
317 1068 515 1111 custodia
540 1068 647 1124 legis
671 1067 842 1111 divinae
866 1080 907 1111 et
927 1070 1134 1111 exercitio
1155 1070 1388 1124 virtutum,
1403 1084 1479 1111 seu
1499 1069 1581 1111 sita

167 1153 230 1182 est
250 1141 292 1182 in
314 1141 630 1182 coniunctione
645 1156 746 1183 cum
766 1142 860 1183 Deo
881 1156 956 1197 per
976 1141 1281 1198 cognitionem
1301 1153 1342 1183 et
1366 1155 1580 1183 amorem:

167 1227 261 1254 eam
287 1213 361 1269 qui
395 1212 604 1269 possidet,
629 1214 663 1255 is
688 1214 731 1255 in
756 1225 871 1255 statu
898 1214 1130 1270 reperitur,
1156 1214 1230 1271 qui
1255 1214 1394 1270 magis
1420 1211 1585 1255 accedit

167 1282 216 1326 ad
252 1295 415 1325 statum
441 1283 656 1340 perfectae
691 1283 974 1327 beatitudinis
999 1297 1040 1327 et
1066 1284 1198 1327 huius
1233 1296 1297 1327 est
1332 1285 1512 1327 initium
1537 1299 1584 1326 ac

168 1355 341 1410 pignus.
368 1379 419 1385 —-
445 1354 486 1413 c)
506 1355 572 1396 Fit
597 1367 745 1397 autem
770 1356 1042 1412 comparatio
1068 1356 1169 1398 inter
1193 1357 1299 1412 ipsos
1325 1363 1465 1406 status,
1494 1370 1584 1397 non

167 1441 270 1468 vero
304 1426 418 1468 inter
452 1442 676 1483 personas,
711 1442 821 1484 quae
860 1428 903 1469 in
930 1426 1047 1469 hisce
1080 1426 1266 1469 statibus
1286 1428 1583 1484 reperiuntur.

167 1496 454 1552 Comparatio
489 1497 653 1539 scilicet
689 1496 751 1552 fit,
788 1512 876 1539 non
913 1496 1091 1554 quidem
1126 1498 1241 1539 inter
1275 1495 1582 1554 perfectiones,

167 1565 327 1622 quibus
348 1582 421 1608 eae
445 1582 658 1623 personae
677 1584 728 1610 ex
751 1567 927 1624 propria
946 1568 1109 1609 virtute
1134 1567 1201 1609 vel
1219 1566 1435 1610 industria
1461 1582 1581 1624 prae-

167 1636 280 1680 ditae
315 1654 407 1680 esse
442 1652 644 1695 possunt,
670 1639 743 1682 sed
778 1641 892 1682 inter
927 1654 973 1681 ea
1007 1655 1117 1697 quae
1142 1655 1193 1682 ex
1226 1640 1403 1697 propria
1427 1650 1583 1681 natura

168 1709 301 1751 statui
321 1709 497 1766 utrique
517 1722 777 1767 competunt
793 1710 880 1769 (2).
896 1737 946 1742 —
967 1711 1014 1769 d)
1033 1711 1125 1754 Nec
1145 1710 1583 1768 proprieinstituitur

241 1911 286 1947 (τ’
316 1909 370 1942 De
398 1908 451 1941 liis
479 1918 631 1954 quatuor
658 1910 738 1943 vide
766 1909 944 1952 Palmieri‚
974 1911 1016 1945 de
1044 1910 1199 1944 matrim.
1229 1909 1320 1944 thes.
1341 1909 1404 1947 IV.
1424 1909 1494 1951 Qui
1516 1909 1584 1943 hoc

171 1965 263 1999 aliud
292 1975 372 2010 apte
401 1967 676 2001 animadvertit:
707 1980 722 1997 a
750 1968 859 2009 Quod
887 1969 1155 2002 matrimonium
1184 1968 1228 2002 sit
1253 1973 1513 2010 sucranzentnm,
1533 1967 1586 2001 sa-

170 2025 215 2057 cit
243 2025 275 2058 id
304 2025 458 2069 quidem,
486 2035 523 2060 ut
550 2027 662 2069 gratia
690 2038 728 2059 ex
755 2033 850 2072 opera
878 2032 1013 2073 operato
1042 2028 1252 2072 coniugibus
1272 2026 1484 2067 conferatur,
1504 2039 1586 2072 gra-

170 2083 310 2128 tiaeque
340 2083 496 2117 actuales
522 2086 746 2119 necessariae
775 2085 903 2120 dentur
928 2097 991 2130 pro
1019 2087 1285 2131 operationibus
1306 2097 1430 2119 eorum
1457 2094 1587 2120 status:

170 2141 231 2174 sed
259 2153 330 2174 non
360 2141 440 2176 facit
469 2152 505 2176 ut
535 2154 658 2176 eorum
687 2145 916 2188 operationes
948 2145 1017 2178 sint
1045 2144 1276 2189 perfectiores
1307 2145 1355 2178 eis
1384 2156 1475 2190 quae
1503 2156 1587 2190 pro-

169 2200 266 2243 priae
293 2209 374 2234 sunt
401 2200 543 2234 alterius
572 2210 683 2235 status
711 2214 776 2236 nec
808 2203 956 2247 impedit
996 2203 1186 2247 quominus
1215 2203 1329 2248 gratia
1356 2203 1584 2237 sanctificans

170 2259 367 2304 eademque
396 2260 538 2293 uberior
565 2272 606 2295 ex
627 2273 735 2306 opere
762 2263 942 2307 operantis
963 2263 1157 2307 virginibus
1175 2263 1387 2308 acquiratur.
1406 2262 1585 2298 Perfectio

172 2325 290 2351 autem
320 2327 354 2352 et
380 2318 563 2353 beatitudo
598 2329 709 2354 status
737 2322 771 2354 in
799 2321 1017 2366 perfectione
1043 2323 1268 2366 propriorum
1303 2331 1445 2356 actuum
1482 2332 1515 2357 et
1550 2323 1585 2356 in

173 2374 247 2419 ipsa
275 2377 504 2420 possessione
532 2378 677 2421 gratiae,
698 2391 769 2412 non
798 2380 831 2412 in
860 2380 970 2413 modo
998 2391 1068 2428 quo
1096 2391 1137 2414 ea
1165 2381 1365 2426 acquiritur,
1393 2381 1459 2415 sita
1487 2390 1582 2415 est.»

242 2434 298 2479 (2)
317 2435 373 2468 Ad
401 2447 476 2469 rem
504 2448 529 2470 s.
558 2437 731 2480 Thomas,
759 2451 786 2472 c.
815 2449 909 2484 gent.
938 2439 1033 2474 1.ΙΙΙ.
1062 2452 1090 2474 c.
1114 2451 1200 2486 137.:
1220 2441 1416 2476 «Persectio
1433 2442 1580 2477 alicuius
