1705 2787
604 53 904 99 ‚„„243..‚

61 149 203 209 gratia
235 161 320 193 etc.
354 146 431 192 sed
464 148 670 207 aequales
702 150 747 193 in
780 148 952 192 essentia
983 155 1016 191 et
1048 146 1174 205 specie
1204 144 1410 190 humana:
1434 160 1487 188 ex

61 239 146 281 qua
183 220 451 280 aequalitate
485 233 603 264 recte
627 221 870 279 colligitur,
894 235 986 264 non
1010 218 1168 263 debere
1192 232 1337 262 unum
1360 216 1496 270 alteriv

60 293 300 348 dominari,
333 291 567 350 quomodo
602 292 741 336 homo
764 291 1024 336 dominatur
1048 289 1215 346 bestiis,
1238 288 1314 332 sed
1336 288 1485 332 solum

60 363 222 408 debere
255 378 402 406 unum
434 361 488 405 ab
522 362 663 406 altero
711 364 805 421 regi
853 362 1088 421 politice.»
1124 360 1172 404 Id
1220 372 1372 403 autem
1420 371 1486 402 est

60 433 225 478 directe
260 445 416 477 contra
448 434 717 476 sententiam
752 434 1069 477 recentiorum.

156 521 252 563 170.
286 506 534 550 SCHOLION.
569 506 631 549 Ut
663 518 755 549 tota
794 505 899 549 haec
946 504 1084 548 thesis
1133 503 1292 546 clarius
1340 502 1486 546 adhuc

60 579 351 636 intelligatur,
386 579 546 622 iuverit
578 579 624 621 in
659 590 856 633 mentem
902 578 1095 621 recolere
1144 575 1365 619 theoriam
1397 574 1485 634 (1),

63 664 200 707 quam
232 661 403 693 veteres
438 648 556 693 haud
589 650 718 706 pauci
757 648 1034 692 admiserunt
1067 646 1118 690 ad
1153 647 1375 704 originem
1409 645 1485 689 do-

63 720 191 764 minii
216 720 377 777 privati
408 720 454 762 in
488 734 556 762 res
590 718 750 770 stabiles
785 717 1103 777 explicandam.

150 789 391 833 Affirmant
425 789 474 849 α)
508 788 560 832 ab
595 790 725 832 initio
760 805 836 832 seu
872 790 918 832 in
953 789 1094 846 prima
1130 803 1279 831 rerum
1314 787 1486 844 origine

63 862 214 904 omnia
246 873 389 905 terrae
425 860 539 904 bona
573 869 665 904 act-tt
698 862 967 918 pertinuisse
1012 859 1065 904 ad
1095 874 1252 902 omnes
1291 858 1486 902 collective

63 932 293 976 homines:
329 933 375 992 β)
410 933 471 976 ita
504 945 669 987 tamen,
692 944 742 975 ut
776 931 972 975 humana
996 932 1298 975 communitas
1321 942 1487 988 posset,

65 1003 256 1047 naturali
289 1003 385 1061 lege
416 1003 460 1047 id
494 1004 682 1047 omnino
717 1002 1002 1057 concedente,
1046 1001 1255 1045 inducere
1290 1001 1487 1045 dominia

56 1076 226 1134 privata
258 1077 295 1119 si
328 1075 434 1119 haec
456 1075 716 1119 viderentur
743 1076 884 1132 utilia,
910 1076 1052 1119 immo
1078 1073 1255 1119 deberet
1276 1072 1486 1118 inducere

63 1149 99 1190 si
133 1163 179 1190 ea
215 1147 453 1191 evaderent
486 1148 758 1191 necessaria:
793 1147 841 1206 γ)
876 1162 1041 1205 reapse,
1086 1147 1155 1190 vix
1188 1162 1236 1189 ac
1270 1161 1486 1189 numerus

65 1219 303 1263 hominum
338 1221 483 1278 coepit
517 1222 685 1278 augeri,
719 1221 1111 1275 communitatem,
1146 1219 1319 1277 publica
1337 1221 1486 1277 quiete

64 1305 112 1332 ac
129 1292 422 1348 prosperitate
448 1293 508 1334 sic
534 1292 753 1348 exigente,
779 1292 989 1335 statuisse
1012 1307 1060 1334 ac
1085 1290 1344 1346 decrevisse,
1372 1289 1486 1333 bona

64 1361 109 1404 in
143 1360 291 1404 medio
325 1377 508 1419 ponere,
542 1363 600 1405 ita
635 1374 683 1406 ut
716 1363 805 1405 iam
850 1374 996 1405 essent
1030 1370 1120 1405 actu
1167 1361 1332 1404 nullius
1366 1373 1409 1404 et
1441 1361 1486 1403 in

65 1444 297 1490 posterum
321 1431 479 1477 fierent
504 1434 637 1491 primi
661 1435 935 1492 occupantis,
960 1449 1035 1491 per
1059 1445 1312 1476 contractus
1336 1444 1486 1476 autem

65 1505 200 1548 aliave
233 1503 345 1547 facta
378 1504 431 1547 ab
465 1521 558 1548 uno
591 1507 637 1548 in
672 1506 811 1549 alium
845 1504 1208 1549 transferrentur.

153 1573 290 1618 Vides
314 1575 515 1633 profecto
540 1576 805 1634 analogiam,
833 1592 943 1634 quae
968 1575 1201 1619 intercedit
1223 1576 1339 1618 inter
1363 1575 1487 1618 theo-

67 1646 182 1689 riam
215 1645 328 1689 hanc
362 1659 404 1690 et
438 1648 708 1690 sententiam
751 1660 956 1690 veterum
1005 1648 1117 1690 circa
1151 1647 1376 1703 originem
1411 1645 1488 1689 do-

65 1717 194 1759 minii
227 1716 563 1760 iurisdictionis.
610 1718 779 1761 Eodem
814 1717 903 1761 fere
937 1730 1065 1774 pacto
1114 1715 1346 1760 solvebant
1379 1716 1487 1760 duas

67 1787 143 1831 has
178 1789 484 1846 quaestiones:
520 1816 573 1822 —
618 1788 850 1848 quomodo
894 1790 1062 1846 privata
1110 1804 1298 1846 persona
1342 1801 1488 1846 potest

67 1858 228 1903 habere
261 1860 330 1904 ius
375 1859 640 1919 disponendi
675 1861 727 1905 de
776 1877 821 1905 re
869 1862 1014 1919 aliqua
1062 1859 1208 1903 stabili
1256 1872 1488 1918 tamquam

67 1932 244 1990 propria
280 1960 333 1966 -—
368 1933 602 1992 quomodo
645 1935 810 1992 privata
846 1949 1034 1991 persona
1083 1944 1157 1976 aut
1201 1930 1395 1989 partialis
1431 1933 1488 1974 ci-

66 2003 192 2046 vium
227 2016 381 2047 coetus
416 2016 563 2061 potest
599 2004 760 2047 habere
795 2005 861 2048 ius
896 2003 979 2046 sibi
1012 2003 1246 2060 proprium
1269 2001 1486 2059 dirigendi

68 2074 265 2117 actiones
299 2075 491 2119 aliorum
526 2076 705 2127 civium,
740 2076 798 2118 ita
832 2088 882 2118 ut
906 2075 949 2117 hi
975 2086 1210 2117 teneantur
1234 2073 1310 2116 illo
1335 2086 1377 2116 et
1396 2089 1486 2116 non

69 2145 154 2188 alio
188 2144 325 2189 modo
359 2162 502 2204 agere.
539 2148 592 2189 Et
626 2162 730 2189 sane
755 2146 856 2190 inde
880 2147 1111 2189 Suarcsius
1136 2145 1208 2204 (2)
1233 2145 1487 2203 exemplum

140 2307 197 2353 (ι)
225 2307 293 2343 Cf..
308 2319 424 2354 super.
453 2307 582 2342 vol.Il.
610 2319 690 2353 pag.
723 2317 797 2352 302.
828 2306 876 2341 Ibi
904 2306 947 2341 de
975 2306 1114 2341 theoria
1140 2306 1206 2342 hac
1233 2306 1403 2342 iudicium
1431 2305 1490 2341 ali-

70 2367 167 2412 quod
194 2366 419 2412 protulimus.

142 2425 194 2469 (2)
222 2425 303 2462 Def.
332 2426 390 2460 fid.
419 2426 439 2460 l.
468 2426 526 2460 ΙΙΙ.
554 2438 583 2460 c.
612 2436 640 2460 2.
670 2437 764 2459 num.
797 2436 848 2465 Η.
