1705 2787
709 78 942 120 „15-

109 174 202 225 cite,
236 187 278 214 se
311 170 498 228 obligant
531 169 582 214 ad
613 169 844 215 volendum
876 170 930 224 id,
965 170 1076 228 quod
1114 182 1247 213 certus
1281 170 1452 227 quidam
1479 186 1541 213 so-

109 244 271 286 ciorum
301 256 498 284 numerus
531 240 736 284 decernet.
769 241 878 283 Hinc
911 241 953 283 in
986 240 1224 284 huiusmodi
1258 241 1453 283 societate
1475 256 1541 283 ne-

109 314 270 357 cessarii
304 324 397 355 sunt
429 320 654 366 conventus,
675 313 716 355 in
749 314 894 370 quibus
927 313 1096 370 negotia
1131 312 1197 355 vel
1235 311 1284 355 ad
1327 314 1540 355 unanimi-

107 396 236 428 tatem
268 383 434 437 realem,
469 383 583 440 quod
625 399 719 426 raro
753 385 972 441 contingit,
1006 383 1072 426 vel
1115 383 1165 427 ad
1208 395 1361 426 statum
1404 382 1542 426 suffra-

108 456 278 513 giorum
310 470 547 508 numerum,
581 471 620 497 v.
655 471 695 511 g.
730 456 900 498 maioris
932 455 1070 512 partis,
1102 454 1385 511 expediantur.

195 527 272 569 IV.
306 526 492 569 Societas
525 526 723 582 dividitur
744 528 785 568 in
801 527 1024 585 perfectam
1048 538 1088 569 et
1111 526 1404 584 imperfectam.
1428 525 1540 568 Haec

107 596 255 640 divisio
290 596 506 640 deducitur
539 613 589 639 ex
622 599 814 654 inspectis
846 597 1007 651 mediis,
1043 596 1189 654 quibus
1213 596 1262 639 ad
1286 595 1378 638 finis
1401 611 1541 638 conse-

107 668 320 710 cutionem
353 668 526 710 societas
559 680 619 710 est
647 669 857 711 instructa.
881 668 1066 710 Societas
1083 668 1263 725 perfecta
1284 666 1355 725 (1)
1376 678 1435 709 est
1457 665 1539 719 illa,

107 753 209 796 quae
242 737 380 782 media
413 738 463 782 ad
484 754 606 781 suum
630 738 758 782 finem
781 739 1056 783 obtinendum
1080 737 1326 781 sufficientia
1348 739 1390 780 in
1412 753 1540 780 seme-

105 811 210 867 tipsa
240 808 375 863 habet,
410 825 595 867 quaeque
627 810 803 868 proinde
835 826 922 853 non
955 823 1015 853 est
1065 827 1113 853 ex
1162 827 1203 853 se
1253 810 1441 854 ordinata
1488 809 1536 853 ad

105 880 228 923 aliam
266 882 523 934 societatem,
557 881 599 923 in
642 896 721 938 qua
764 897 881 924 suam
923 880 1222 938 perfectionem
1265 892 1303 922 et
1346 879 1539 936 comple-

105 963 297 994 mentum
332 951 531 995 obtineat:
565 967 693 1005 secus,
727 953 901 995 societas
935 965 994 995 est
1027 953 1273 1010 imperfecta.
1299 952 1365 993 Sic
1392 953 1539 1008 imper-

105 1021 210 1065 fecta
243 1034 302 1065 est
336 1024 510 1066 societas
544 1022 773 1067 domestica
803 1023 884 1082 (2)
918 1023 1123 1081 siquidem
1146 1040 1195 1066 ex
1219 1039 1298 1080 qua
1319 1035 1431 1079 parte
1456 1034 1538 1065 ten-

104 1094 163 1137 dit
195 1093 244 1138 ad
278 1093 437 1137 bonum
470 1095 717 1151 temporale,
751 1095 871 1139 debet
903 1111 925 1138 a
958 1097 1152 1138 societate
1187 1094 1295 1137 civili
1325 1094 1536 1151 compleri,

103 1181 154 1209 ex
193 1181 272 1223 qua
313 1181 414 1208 vero
457 1178 570 1223 parte
612 1165 745 1209 finem·
769 1168 894 1209 etiam
926 1166 1050 1209 habet
1082 1166 1337 1223 religiosum,
1373 1178 1536 1222 oportet

102 1252 195 1280 eam
227 1238 269 1279 in
300 1238 495 1280 societate
536 1237 731 1295 religiosa
764 1240 1060 1281 consummari.

191 1307 296 1352 Illud
331 1308 650 1363 animadvertas,
673 1311 915 1353 societatem
938 1308 1165 1367 perfectam
1192 1325 1277 1352 esse
1300 1308 1427 1361 illam,
1451 1323 1535 1351 non

101 1379 234 1423 modo
268 1381 333 1423 cui
364 1381 542 1433 realiter,
573 1381 644 1425 sed
669 1383 795 1424 etiam
818 1383 882 1424 cui
904 1382 1139 1425 virtualiter
1164 1380 1370 1438 praedicta
1402 1380 1535 1424 media

101 1451 254 1505 insunt,
287 1452 342 1494 ita
374 1451 534 1495 scilicet
566 1464 610 1494 ut
643 1454 692 1495 ab
725 1452 803 1495 alia
836 1454 1030 1495 societate
1063 1451 1201 1495 media
1244 1452 1312 1494 illa
1355 1463 1537 1507 repetere

100 1523 273 1579 proprio
305 1524 392 1566 iure
426 1524 569 1580 possit,
603 1540 737 1581 neque
772 1524 849 1567 alia
891 1525 1065 1566 societas
1110 1523 1348 1566 facultatem
1392 1522 1536 1565 habeat

102 1592 240 1637 media
275 1593 345 1637 illa
377 1594 560 1652 negandi
593 1607 661 1638 aut
693 1611 768 1638 suo
802 1595 954 1639 iudicio
989 1611 1076 1638 rem
1105 1594 1338 1638 dirimendi.
1365 1594 1534 1646 Contra,

102 1665 135 1707 si
168 1680 248 1721 qua
281 1666 453 1709 societas
496 1682 630 1723 neque
674 1667 845 1725 realiter,
890 1682 1021 1724 neque
1066 1666 1290 1709 virtualiter
1329 1665 1536 1722 praedicta

102 1735 238 1779 media
272 1737 491 1793 possideat,
511 1737 580 1781 sed
614 1739 655 1780 in
688 1754 836 1781 eorum
871 1738 1121 1781 oeconomia
1155 1738 1202 1780 ab
1236 1737 1313 1780 alia
1339 1738 1533 1779 societate

103 1807 285 1864 pendere
318 1821 505 1866 cogatur,
541 1811 605 1852 cui
637 1811 848 1867 integrum
879 1811 930 1851 sit
973 1825 1019 1852 ea
1067 1825 1231 1865 negare,
1280 1807 1348 1851 vel
1389 1807 1533 1850 saltem

175 2038 233 2084 (1)
260 2039 314 2074 Cf.
344 2040 531 2082 Schrader,
559 2050 755 2076 comment.
783 2042 840 2076 cit.
880 2053 977 2076 num.
1010 2053 1074 2087 19.;
1114 2042 1296 2087 Tarquini,
1334 2042 1416 2075 iuris
1449 2042 1533 2076 cccl.

108 2097 200 2143 publ.
229 2099 377 2134 institut.
404 2099 426 2134 l.
459 2112 485 2134 1.
514 2112 547 2134 n.
576 2100 606 2135 6.

177 2157 236 2202 (2)
264 2157 319 2192 Cf.
347 2170 373 2192 s.
402 2158 471 2193 Th.
504 2170 530 2193 1.
561 2170 591 2193 2.
619 2171 650 2205 q.
680 2170 735 2206 90.
764 2171 792 2193 a.
824 2171 852 2205 3.
880 2160 921 2193 ad
954 2170 1033 2203 3³1¹:
1056 2174 1073 2192 «
1101 2160 1198 2194 Sicut
1225 2161 1338 2194 homo
1371 2169 1422 2194 est
1456 2172 1533 2205 pars·

104 2212 248 2256 domus,
276 2215 325 2250 ita
350 2217 479 2251 domus
507 2226 558 2252 cst
585 2231 662 2264 pars
689 2219 850 2253 civitatis.
884 2219 1017 2253 Civitas
1050 2228 1168 2254 autem
1205 2228 1257 2254 est
1296 2220 1533 2253 communitas

103 2276 274 2321 perfecta,
301 2287 338 2313 ut
365 2280 491 2314 dicitur
518 2281 553 2314 in
574 2282 597 2315 Ι.
617 2281 721 2315 Polit.
741 2295 758 2313 »
791 2281 846 2315 Cf.
873 2282 981 2315 etiam
1008 2282 1224 2323 Suareshuu,
1258 2281 1300 2315 de
1328 2281 1396 2327 leg.
1425 2281 1446 2314 l.
1473 2281 1533 2314 III.

103 2346 132 2369 c,
161 2336 187 2370 I.
215 2348 248 2371 n.
280 2349 333 2383 3.:
381 2353 398 2371 «
424 2340 476 2373 Ex
503 2340 557 2374 his
585 2341 693 2374 tribus
719 2341 1029 2375 coniunctionibus
1055 2340 1264 2387 (coniugali,
1294 2350 1450 2386 paterna,
1476 2341 1534 2374 he-

103 2394 176 2440 rili)
204 2399 388 2445 consurgit
426 2400 539 2445 prima
566 2401 817 2442 communitas,
856 2412 943 2446 quae
982 2401 1180 2447 imperfecta
1221 2401 1348 2434 dicitur
1374 2408 1531 2445 respectu

103 2453 258 2498 politiae.
285 2471 303 2489 »
