1705 2787
743 61 973 102 -44„

143 171 260 201 causa
305 157 458 199 ruinae.
504 154 635 207 Quod
675 166 809 196 autem
855 156 1062 211 passiones
1094 156 1172 197 sint
1216 155 1455 210 indomitae,
1489 156 1571 200 hoc

144 245 227 270 non
272 240 330 270 est
373 243 421 269 ex
465 226 717 277 necessitate,
763 224 833 268 sed
877 227 1038 281 quoties
1081 227 1228 279 evenit,
1272 226 1313 270 id
1345 244 1395 270 ex
1432 239 1574 270 nostra

143 300 260 355 culpa
294 299 452 340 evenit:
488 313 554 339 cas
587 296 740 338 scilicet
774 296 982 349 nolumus,
1017 309 1059 338 ut
1092 313 1163 353 pai·
1194 310 1265 351 est,
1296 313 1571 355 compescere,

145 371 340 412 nolumus
366 369 505 411 fraeno
532 367 781 424 habenisque
816 383 1016 410 cosrcere.
1050 386 1069 407 (‹
1104 370 1170 412 Ne
1203 368 1364 425 culpam
1396 385 1498 425 ergo
1533 371 1573 412 in

145 458 232 484 rem
266 441 466 491 conseras,
510 438 578 481 sed
622 454 783 495 semper
817 440 856 480 in
890 451 1003 481 tuam
1036 452 1219 482 mentem
1250 440 1386 499 (1).»
1431 442 1573 498 Itaque

147 513 290 555 salsum
326 525 398 560 est,
424 509 536 567 quod
560 525 609 551 cx
632 508 889 565 passionibus
916 512 1125 552 ncces-sario
1154 525 1427 568 consequatur
1449 524 1573 554 status

144 602 215 628 seu
249 585 434 628 conditio
468 587 616 627 misera
651 582 743 626 belli
778 598 848 624 seu
882 582 1011 624 luctae
1045 583 1358 640 uniuscuiusque
1391 583 1574 625 hominis

145 670 287 699 contra
322 671 663 712 [ununquemque
697 655 931 696 homiuem.
965 653 1216 696 Huiusmodi
1250 653 1355 696 lucta
1393 654 1574 710 sequitur

144 744 192 768 ex
238 725 491 782 passionibus
536 725 768 768 indomitis:
813 723 883 767 sed
918 723 1145 767 indomitae
1177 739 1264 765 non
1295 735 1388 766 sunt
1420 724 1496 766 nisi
1534 724 1575 765 in

145 796 344 852 aliquibus
387 808 426 838 et
472 813 522 839 ex
568 798 753 852 ipsorum
788 795 917 852 culpa.
953 795 1075 836 Bruta
1107 793 1288 850 quidem,
1321 796 1353 836 si
1386 795 1574 851 passione

145 869 277 924 aliqua
311 867 585 924 impellantur,
620 869 757 910 statim
796 879 835 909 et
881 883 931 908 ex
953 867 1190 908 necessitate
1213 882 1304 908 eam
1327 877 1573 922 sequuntur:

147 952 184 982 at
220 940 353 981 homo
388 952 523 995 potest
556 955 601 981 ac
637 938 757 981 debet
791 939 976 980 resistere
1010 938 1201 993 passioni,
1236 938 1423 994 quamvis
1455 936 1576 979 vehe-

147 1012 288 1062 msnti‚
324 1025 403 1066 qua
437 1009 486 1053 ad
521 1010 679 1052 malum
712 1009 956 1065 impellatur.

360 1097 397 1138 3.
431 1081 479 1123 In
522 1097 674 1137 magna
716 1080 939 1123 hominum
978 1080 1239 1123 multitudine
1276 1079 1356 1122 hoc
1390 1090 1449 1121 est
1481 1093 1576 1120 sane

148 1153 466 1209 cxpsctaudum,
501 1151 609 1195 haud
643 1167 796 1209 paucos
828 1168 926 1204 esse,
962 1152 1031 1208 qui
1064 1151 1197 1193 nolint
1239 1166 1329 1192 suas
1371 1150 1480 1192 ultro
1513 1164 1577 1191 ca-

147 1225 310 1279 stigare,
357 1239 446 1265 suas
488 1235 634 1279 sponte
679 1222 889 1265 moderari
931 1223 1157 1278 passiones:
1202 1222 1354 1278 quique
1402 1219 1577 1276 proinde

148 1295 304 1335 iniuriis
338 1293 439 1335 alios
472 1292 694 1346 afficerent,
730 1292 984 1349 aliarumque
1017 1294 1200 1348 quietam
1239 1293 1367 1333 vitam
1409 1288 1578 1347 impedi-

147 1378 249 1417 rent,
277 1366 353 1407 nisi
376 1364 538 1408 aliunde
563 1377 740 1406 externo
765 1363 904 1420 aliquo
930 1363 1071 1406 fraeno
1096 1362 1386 1406 cohiberentur
1408 1378 1430 1404 a
1451 1360 1576 1403 malo.

149 1438 241 1479 Hoc
275 1449 492 1479 externum
525 1435 715 1478 fraenum
734 1447 878 1478 natura
902 1436 985 1491 ipsa
1019 1434 1183 1478 adhibet
1217 1446 1256 1477 et
1293 1434 1476 1490 apponit,
1513 1448 1579 1489 pa-

148 1508 510 1564 teruae-potestati
544 1506 861 1563 superaddendo
895 1518 1142 1562 potestatem
1179 1505 1407 1558 fortiorem,
1430 1518 1579 1560 nempe

149 1578 326 1622 civilsm.
360 1578 522 1620 Scilicet
554 1579 741 1634 protervi
774 1577 831 1619 illi
866 1577 1057 1619 homines
1089 1576 1138 1618 ab
1172 1576 1326 1618 iniuriis
1359 1573 1579 1617 inferendis

148 1647 394 1690 cohibentur
425 1664 447 1690 a
478 1648 646 1704 politica
679 1649 935 1699 auctoritate,
956 1663 1058 1704 quae
1080 1659 1237 1703 praeest
1261 1646 1369 1689 civili
1404 1639 1462 1688 illi
1484 1660 1580 1688 con-

149 1720 294 1772 sortio,
328 1720 370 1761 in
404 1718 517 1775 quod
540 1731 681 1761 natura
706 1720 789 1775 ipsa
813 1718 900 1760 vult
925 1718 1118 1760 homines
1141 1719 1279 1760 vivere
1303 1716 1577 1760 coadunatos:

150 1803 187 1832 et
232 1789 278 1832 ab
323 1806 369 1832 ea
413 1789 658 1832 cohibentur
704 1806 775 1846 per
818 1791 905 1832 vim
948 1789 1014 1831 vel
1046 1801 1206 1831 metum
1236 1803 1479 1845 poenarum.
1512 1786 1579 1829 Ad

151 1876 239 1902 rem
272 1876 303 1902 s.
340 1859 533 1902 Thomas
566 1859 655 1918 (2):
694 1878 712 1900 α
750 1861 969 1912 Quantum
1001 1859 1051 1903 ad
1074 1859 1167 1901 illos
1189 1860 1370 1911 iuvenes,
1396 1858 1466 1914 qui
1488 1869 1580 1899 sunt

152 1932 272 1987 proni
306 1931 356 1974 ad
390 1944 501 1973 actus
534 1933 738 1974 virtutum
771 1948 820 1973 ex
853 1932 962 1974 bona
1001 1930 1270 1987 dispositione
1311 1941 1479 1971 naturae
1515 1927 1582 1970 vel

152 2001 451 2045 consuetudine
493 2001 560 2044 vel
599 2003 734 2059 magis
778 2002 920 2046 divino
964 2017 1147 2054 munere,
1189 1999 1338 2042 sufficit
1370 1998 1582 2056 disciplina

153 2086 333 2128 paterna,
381 2088 484 2129 quae
533 2086 592 2116 est
634 2089 706 2130 per
749 2075 1017 2116 monitiones.
1061 2072 1141 2116 Sed
1183 2073 1277 2129 quia
1319 2072 1581 2113 inveniuntur

154 2143 325 2199 quidam
346 2146 532 2200 protervi
555 2157 594 2187 et
618 2145 668 2188 ad
691 2146 790 2187 vitia
812 2145 946 2201 proni,
970 2145 1039 2201 qui
1061 2142 1194 2186 verbis
1217 2142 1267 2186 de
1290 2142 1397 2184 facili
1419 2141 1582 2184 moveri

225 2256 280 2300 (1)
309 2256 430 2289 Verba
456 2264 536 2289 sunt
563 2268 588 2289 s.
617 2257 818 2301 Augustini,
845 2257 915 2290 iam
942 2268 1055 2301 super.
1082 2255 1231 2289 adducta
1256 2254 1326 2288 vol.
1354 2255 1379 2288 I.
1398 2265 1475 2299 pag.
1500 2263 1581 2297 423.

225 2314 281 2359 (2)
308 2315 348 2348 In
380 2326 407 2348 1.
437 2325 467 2348 2.
495 2327 526 2360 q.
556 2326 611 2360 95.
640 2327 669 2349 a.
702 2327 728 2349 1.
757 2336 800 2341 —
829 2315 900 2350 Cfr.
928 2316 993 2350 hac
1021 2316 1063 2349 de
1090 2327 1127 2349 re
1153 2314 1376 2355 Aristoteles,
1402 2313 1516 2348 Ethic.
1534 2313 1580 2346 X.

155 2382 186 2415 9.
215 2384 311 2418 seqq.
337 2395 384 2398 ——
411 2374 471 2407 Est
498 2382 618 2408 autem
654 2383 782 2408 notum
818 2374 922 2408 illud:
958 2374 1100 2408 oderunt
1121 2380 1260 2420 peccare:
1291 2373 1373 2407 mali
1391 2370 1582 2417 formidine

150 2436 288 2476 poenae.
