1705 2787
792 81 844 86 -.-
880 54 1051 110 334.-

223 176 454 221 paternam
489 162 704 204 malitiam
740 163 970 217 imitantis,
1004 161 1176 204 Iudaeis
1211 173 1364 204 eontra
1389 176 1490 204 eum
1526 176 1632 219 que-

222 235 461 278 rimoniam
495 232 546 276 ad
582 233 817 276 Caesarem
851 235 1111 289 Augustum
1146 231 1462 287 deferentibus,
1487 233 1632 289 primo

220 305 400 364 quidem
436 318 630 362 potestas
665 305 931 348 diminuitur
966 303 1112 346 ablato
1145 302 1229 346 sibi
1263 305 1385 361 regio
1434 305 1633 360 nomine,

221 390 261 420 et
297 376 533 419 medietate
582 378 705 433 regni
751 378 817 419 sui
853 378 967 419 inter
1003 375 1113 419 duos
1148 374 1300 418 fratres
1336 390 1442 419 suos
1478 374 1629 419 divisa:

220 448 377 492 deinde
412 464 515 491 cum
550 464 627 491 nec
663 450 722 491 sic
756 465 777 491 a
813 447 1046 506 tyrannide
1081 460 1453 504 compesceretur,
1488 463 1509 489 a
1553 446 1631 489 Ti-

219 521 340 564 berio
376 522 562 563 Caesare
598 521 817 577 relegatus
853 532 917 563 est
952 521 995 564 in
1022 521 1202 563 exilium
1223 519 1336 577 apud
1356 519 1631 578 Lugdunum

219 593 385 636 Galliae
419 594 656 636 civitatem.

340 682 358 704 α
397 664 532 716 Quod
567 666 603 706 si
638 665 826 707 omnino
863 675 1016 707 contra
1036 676 1277 721 tyrannum
1302 664 1516 707 auxilium
1551 663 1633 707 hu-

221 751 407 779 manum
443 735 593 779 haberi
629 752 719 779 non
754 748 914 793 potest,
950 735 1271 779 recurrendum
1306 747 1371 778 est
1404 734 1455 779 ad
1479 750 1629 792 regern

219 809 425 851 omnium
460 809 624 863 Deum,
660 809 735 866 qui
769 821 833 851 est
867 807 1041 851 adiutor
1066 809 1110 850 in
1146 806 1558 865 opportunitatibus
1588 808 1633 850 in

221 879 525 923 tribulatione.
561 880 666 922 Eius
693 881 811 923 enim
847 880 1071 938 potentiae
1105 878 1269 933 subest,
1290 891 1337 922 ut
1362 894 1436 921 cor
1455 878 1634 936 tyranni

219 951 395 994 crudele
430 964 661 994 convertat
695 952 738 994 in
774 950 1182 1005 mansuetudinem,
1231 950 1478 993 secundum
1513 949 1634 993 Salo-

218 1023 367 1065 monis
401 1023 685 1077 sententiam,
706 1023 914 1066 Proverb.
936 1024 1031 1066 XII.
1073 1037 1121 1066 1.:
1166 1024 1244 1067 Cor
1278 1024 1384 1080 regis
1433 1024 1476 1065 in
1508 1037 1635 1065 manu

220 1094 313 1149 Dei,
339 1108 583 1150 quocumque
614 1093 801 1149 volucrit,
837 1094 1045 1137 inclinabit
1080 1094 1192 1137 illud.
1228 1095 1325 1151 Ipse
1360 1094 1480 1136 enim
1515 1094 1633 1149 regis

220 1165 403 1207 Assueri
433 1164 756 1221 crudelitatem,
795 1167 869 1223 qui
918 1165 1089 1208 Iudaeis
1125 1178 1318 1208 mortem
1362 1164 1554 1222 parabat,
1588 1165 1633 1206 in

220 1234 613 1277 mansuetudinem
634 1237 778 1278 vertit.
803 1237 899 1293 Ipse
924 1249 1003 1292 est,
1029 1238 1105 1294 qui
1125 1237 1182 1279 ita
1206 1234 1632 1279 Nabuchodonosor

220 1306 446 1349 crudeiem
481 1321 632 1362 regem
666 1308 900 1362 convertit,
936 1307 1055 1364 quod
1089 1306 1228 1349 factus
1263 1319 1328 1348 est
1361 1306 1532 1349 divinae
1556 1320 1632 1362 po-

220 1379 382 1421 tentiae
417 1377 704 1436 praedicator:
743 1379 866 1422 Nunc
901 1380 1040 1435 igitur,
1074 1380 1234 1437 inquit,
1268 1394 1336 1436 ego
1362 1377 1634 1422 Nabuchodo-

219 1464 342 1492 nosor
376 1448 512 1504 lando,
562 1457 593 1491 et
642 1450 870 1507 magnifico,
920 1459 952 1492 ct
997 1450 1176 1508 glorifico
1225 1465 1357 1506 regem
1390 1448 1503 1500 caeli,
1540 1449 1636 1506 quia

219 1528 340 1577 opera
373 1521 457 1562 eins
492 1535 592 1562 vera
626 1528 657 1562 et
674 1522 766 1562 viae
790 1522 873 1563 eius
895 1521 1061 1573 iztc'z'it‘icz,
1088 1530 1119 1563 et
1141 1520 1369 1577 gradientes
1389 1519 1634 1577 insuperbia

213 1598 338 1648 potest
370 1590 602 1647 humiliare,
637 1592 808 1634 Daniel.
843 1592 918 1634 IV.
955 1606 1023 1648 34.
1079 1592 1317 1649 Tyrannos
1367 1606 1487 1647 vero,
1521 1607 1633 1649 quos

224 1673 400 1718 reputat
434 1662 726 1703 conversione
761 1661 984 1718 indignos,
1020 1675 1165 1719 potest
1198 1661 1370 1704 auferre
1394 1661 1444 1704 de
1470 1660 1632 1717 medio,

220 1732 289 1775 vel
322 1731 373 1774 ad
408 1731 618 1775 infimum
654 1744 819 1775 statum
855 1732 1077 1787 reducere,
1132 1731 1378 1775 secundum
1419 1731 1526 1774 illud
1561 1731 1635 1774 Sa-

221 1802 526 1859 pientis‚Ecc1.
561 1802 616 1844 X.
657 1816 735 1858 17.:
776 1802 913 1845 Sedent
949 1803 1098 1845 ducum
1131 1802 1397 1859 superhormn
1434 1802 1635 1845 destruxit

220 1874 350 1924 Deus,
387 1881 418 1914 et
452 1872 586 1914 sedere
631 1872 730 1929 fecit
778 1874 887 1915 mites
916 1881 994 1930 pro
1028 1874 1097 1915 eis.
1132 1873 1229 1929 Ipse
1263 1885 1328 1914 est
1361 1873 1439 1929 qui
1482 1871 1634 1914 videns

220 1942 510 1985 afflictionem
544 1943 696 2000 populi
731 1944 800 1985 sui
835 1945 877 1985 in
913 1945 1134 2000 Aegypto,
1168 1955 1209 1985 et
1243 1941 1426 1985 audiens
1477 1956 1636 1985 eorum

222 2015 480 2069 clamorem,
515 2014 793 2057 Pharaonem
828 2027 1071 2071 tyrannum
1106 2013 1261 2057 deiecit
1295 2029 1396 2056 curn
1441 2014 1634 2056 exercitu

222 2100 305 2127 suo
340 2087 384 2127 in
419 2101 554 2130 mare.
577 2086 674 2142 Ipse
699 2098 762 2128 est
787 2087 863 2143 qui
888 2098 1190 2128 memoratum
1213 2083 1636 2128 Nabuchodonosor

222 2158 345 2213 prius
379 2157 711 2214 superbientem
747 2173 837 2200 non
873 2158 1021 2200 solum
1055 2158 1181 2199 eiecit
1235 2155 1286 2199 de
1336 2156 1461 2212 segni
1507 2155 1636 2210 solio,

218 2227 293 2270 sed
330 2228 463 2270 etiam
498 2227 549 2271 de
585 2228 824 2271 hominum
859 2229 1088 2271 consortio
1121 2229 1165 2270 in
1189 2226 1531 2270 similitudinem
1557 2224 1628 2268 be-

221 2300 329 2341 stiae
363 2301 672 2343 commutavit.
729 2301 821 2343 Nec
866 2301 998 2342 etiam
1032 2299 1281 2342 abbreviata
1330 2313 1490 2340 manus
1540 2297 1635 2339 eius

223 2384 302 2422 est,
338 2384 384 2414 ut
419 2372 639 2428 populum
676 2388 810 2415 suum
843 2387 865 2414 a
899 2372 1099 2428 tyrannis
1135 2370 1319 2413 liberare
1355 2385 1446 2412 non
1481 2369 1635 2426 possit.

226 2443 455 2484 Promittit
490 2444 609 2485 enirn
644 2445 810 2500 populo
835 2459 917 2485 suo
952 2458 1027 2499 per
1061 2443 1233 2497 Isaiam,
1257 2443 1456 2499 requiem
1481 2456 1526 2482 se
1563 2438 1635 2481 da-
