1705 2787
656 68 703 80 „⁴2-
746 63 822 106 ¹15
865 77 913 81 ν--

157 167 255 197 -20.
290 153 667 201 DfiiionsTRATto.
704 158 882 215 Duplici
901 170 1029 215 pacto
1054 170 1201 216 potest
1226 157 1364 200 thesis
1391 156 1494 201 haec

70 225 193 268 facile
227 227 363 270 simul
396 241 528 286 atque
561 230 725 273 invicte
759 229 1072 274 demonstrari.

188 298 217 342 I.
237 298 440 351 Quilibet
460 300 598 343 homo
622 299 753 344 debet
778 317 829 345 ex
853 314 1035 345 naturae
1056 301 1151 358 lege
1168 317 1317 344 amare
1337 316 1494 359 quem-

68 368 173 412 libet
207 370 344 414 alium
379 371 628 423 hominem,
662 374 776 416 sicut
810 374 1022 430 seipsum.
1058 373 1170 427 Hoc,
1205 372 1327 430 quod
1351 372 1404 415 de
1430 373 1496 415 in-

68 440 257 485 dividuis
293 442 554 487 hominibus
587 460 743 488 verum
779 458 864 497 est;
900 461 920 487 a,
957 446 1062 501 pari,
1098 445 1240 487 immo
1265 460 1286 486 a
1312 443 1489 487 fortiori

68 529 224 557 verum
257 515 341 558 erit
374 513 426 558 de
461 516 647 573 integris
682 516 954 560 nationibus.
982 517 1062 559 His
1087 517 1207 559 enim
1229 514 1368 559 homo
1391 530 1495 558 con-

70 586 253 641 tinetur,
287 587 429 642 magis
463 599 643 630 auctus:
680 603 772 630 non
807 587 943 630 modo
979 589 1150 630 ratione
1186 586 1492 630 multitudinis

67 672 224 699 verum
258 658 391 700 etiam
425 659 596 701 ratione
637 659 908 702 conditionis
960 658 1194 702 nobilioris
1232 671 1272 701 et
1308 671 1490 702 naturae

68 729 210 785 magis
248 729 446 772 excultae
482 729 568 788 (1).

187 801 238 843 H.
274 801 463 855 limane,
498 815 693 859 quonam
731 803 775 844 in
811 803 944 845 titulo
978 802 1208 858 fundatur,
1243 818 1318 845 seu
1356 801 1493 845 unde-

67 873 233 914 namin
261 873 446 914 homine
480 871 712 916 individuo
738 875 938 930 exsurgit
963 873 1162 917 officium
1187 872 1366 916 amandi
1386 874 1493 915 alios

67 945 180 986 sicut
215 945 440 1001 seipsum?
466 944 675 1001 Exsurgit
700 944 880 988 tandem
906 961 956 988 ei:
980 946 1242 1003 aequalitate
1267 960 1342 988 seu
1369 959 1492 987 com-

66 1017 373 1059 municatione
398 1015 598 1059 eiusdem
624 1029 809 1060 naturae
832 1015 920 1075 (2).
946 1018 1083 1074 Atqui
1110 1016 1323 1059 naturalis
1345 1016 1492 1058 unitas

66 1103 142 1131 seu
178 1088 435 1146 aequalitas„
473 1088 855 1146 quemadmodum
890 1102 954 1132 est
989 1090 1034 1133 in
1068 1089 1270 1147 quolibet
1290 1088 1492 1143 homine,

67 1161 127 1202 sic
162 1161 296 1203 etiam
330 1172 395 1203 est
430 1161 474 1203 in
509 1175 800 1218 quocumque
849 1173 981 1204 statu,
1018 1186 1070 1191 —
1122 1160 1297 1203 Omnes
1348 1171 1489 1202 status

66 1230 230 1274 habent
264 1230 466 1275 eamdem
501 1244 720 1276 naturam.
766 1233 890 1275 Hanc
925 1247 1047 1288 erge,
1082 1233 1195 1275 sicut
1245 1247 1332 1275 una
1369 1231 1492 1274 natio

67 1305 109 1345 in
145 1305 288 1360 pretio
324 1302 453 1346 habet
488 1317 530 1346 et
563 1317 681 1347 amat
716 1305 760 1346 in
795 1305 952 1360 seipsa,
986 1304 1044 1346 ita
1079 1304 1121 1345 in
1157 1304 1301 1361 pretio
1327 1301 1487 1344 habeat

67 1388 108 1417 et
142 1387 260 1418 amet
294 1376 339 1418 in
373 1376 484 1431 aliis,
529 1377 573 1418 in
608 1375 770 1434 quibus
820 1376 986 1417 scilicet
1035 1390 1173 1432 aeque
1223 1389 1270 1417 ac
1320 1374 1365 1416 in
1400 1374 1493 1430 ipsa

68 1449 193 1490 inest.
226 1474 285 1479 —
318 1448 425 1490 Vult
463 1463 546 1490 una
581 1463 704 1504 gens,
739 1447 859 1505 quod
893 1448 965 1489 alii
1000 1459 1140 1489 status
1167 1458 1490 1503 recognoscant

65 1521 203 1578 ipsius
239 1520 518 1576 dignitatem,
553 1535 741 1577 eamque
787 1533 938 1562 amore
973 1530 1318 1575 prosequantur.
1355 1518 1488 1561 Recte

66 1591 261 1651 quidem.
297 1591 380 1635 Sed
416 1592 515 1649 hoc,
549 1592 669 1650 quod
717 1593 809 1649 ipsa
843 1591 937 1633 vult
986 1589 1037 1632 ab
1073 1591 1166 1632 aliis
1217 1588 1421 1642 statibus,
1458 1589 1485 1629 ii

65 1680 246 1723 quoque
281 1665 437 1708 volunt
469 1664 522 1707 ab
558 1666 663 1721 ipsa.
703 1664 795 1708 Nec
831 1665 918 1705 iam
952 1662 995 1705 id
1031 1663 1188 1705 volunt
1239 1663 1388 1704 minus
1425 1675 1488 1703 ra-

65 1736 352 1793 tionabiliter,
385 1736 460 1780 sed
495 1752 633 1794 aeque
668 1734 991 1779 rationabiliter
1019 1750 1066 1777 :ic
1092 1736 1185 1778 vult
1210 1736 1324 1791 ipsa:
1353 1732 1491 1791 siqui-

65 1809 165 1852 dem
200 1822 383 1852 naturae
418 1808 607 1865 dignitas
643 1822 706 1851 est
742 1808 921 1851 tandem
956 1809 999 1850 in
1035 1808 1125 1865 ipsa
1153 1821 1193 1851 et
1219 1810 1262 1851 in
1288 1810 1488 1853 111113513-

63 1880 181 1923 tibus
215 1881 425 1938 aequalis,
462 1881 579 1937 Ergo
615 1881 706 1937 ipsa
742 1896 922 1937 quoque
943 1893 1126 1922 naturae
1151 1880 1417 1937 dignitatem
1438 1881 1481 1924 in

63 1953 157 1995 aliis
182 1952 369 1995 statibus
405 1964 695 2009 recognoscat
730 1964 770 1993 et
806 1965 936 1994 amet.

152 2026 305 2068 Dices:
343 2024 425 2067 hoc
461 2025 609 2067 mutui
643 2026 808 2066 amoris
844 2023 1044 2066 debitum
1095 2023 1367 2067 sufficienter
1402 2026 1484 2067 im-

63 2098 186 2155 pleri,
222 2098 256 2139 si
291 2098 470 2154 quaevis
504 2112 611 2152 gens
647 2095 864 2138 abstineat
901 2111 922 2137 a
959 2094 1173 2138 laedendo
1208 2097 1367 2153 quovis
1400 2097 1485 2139 alio

64 2181 178 2213 statu
214 2170 258 2212 in
295 2169 422 2211 bonis
458 2170 597 2226 ipsius
647 2169 852 2225 propriis,
890 2194 940 2199 ή-
978 2168 1121 2225 Nego.
1174 2170 1289 2212 Nam
1339 2169 1487 2211 mutui

134 2395 178 2427 (ll
209 2389 262 2424 Cf.
291 2391 510 2433 Liberatore,
538 2392 592 2425 ius
622 2392 786 2426 internat.
808 2403 892 2426 1111111
932 2402 962 2435 5.

143 2451 197 2494 (2)
226 2449 279 2484 Cf.
307 2449 377 2484 vol.
407 2451 448 2484 11.
476 2451 565 2485 thes.
596 2451 763 2486 XXXIV.
