1705 2787
693 78 952 126 *153ss

227 176 276 235 d)
302 176 420 234 Ergo
443 193 596 220 servus
631 179 792 221 retinet
816 180 883 221 ius
908 177 961 221 ad
984 177 1067 221 sibi
1096 174 1391 235 comparanda
1418 174 1533 222 bona

109 247 368 304 spiritualia,
413 247 575 305 quibus
610 247 662 291 ad
699 248 797 291 finis
848 249 996 292 ultimi
1045 249 1413 292 consecutionem
1448 247 1531 291 sibi

109 317 450 375 promerendam
484 319 674 361 iuvetur.
721 320 886 375 Quare,
923 333 969 362 ut
1004 321 1089 362 iam
1125 318 1331 375 diximus,
1377 319 1531 377 nequit

108 387 317 430 dominus
342 387 558 445 impedire
592 404 787 443 servum,
824 390 1069 446 quominus
1106 387 1218 431 bona
1264 389 1335 431 illa
1370 387 1528 432 mediis

106 474 128 500 a
158 458 378 515 religione
413 460 693 516 praescriptis
728 459 810 502 sibi
844 461 1054 517 acquirat.

224 529 264 586 e)
299 529 417 586 Ergo
452 544 620 584 servuS,
657 530 691 571 si
726 528 777 571 ab
813 531 968 587 iniquo
1003 529 1189 572 domino
1233 531 1443 573 incitetur
1477 527 1529 572 ad

104 599 217 642 male
250 599 488 656 agendum,
523 611 597 642 aut
630 599 682 642 ab
718 599 876 643 eodem
912 600 1147 644 crudeliter
1172 600 1416 657 divexetur,
1451 615 1528 658 po-

102 681 188 712 test
222 668 372 727 fugam
406 671 612 727 arripere.
648 671 832 726 Natura,
867 686 1001 728 quam
1046 671 1222 714 nefariis
1256 671 1342 714 illis
1377 671 1526 714 crimi-

101 738 232 783 nibus
266 740 477 784 dominus
512 741 651 797 laesit,
686 740 757 784 dat
791 756 919 784 servo
954 742 1021 784 ius
1057 741 1279 785 eximendi
1313 757 1358 784 se
1379 757 1401 784 a
1435 757 1525 784 ser-

100 811 223 868 vitio,
258 827 433 855 necnon
471 827 550 870 pro
575 812 747 856 damnis
773 828 883 870 quae
908 829 1061 870 passus
1087 826 1151 856 est
1176 812 1524 856 satisfactionem

100 899 122 925 a
156 882 341 928 domino
376 883 593 941 exigendi.
629 885 774 927 Immo
812 903 831 923 «
869 886 903 927 si
938 900 1106 941 servus,
1131 886 1189 928 ait
1213 884 1264 928 de
1290 885 1523 944 Lugo(1)‚

100 956 342 1012 prudenter
377 958 532 999 timeat
566 972 588 999 a
623 956 807 1000 domino
843 958 1130 1012 occisionem,
1180 957 1246 999 vel
1281 957 1524 1000 mutilatio-

101 1042 204 1070 nem
239 1028 471 1084 iniustam,
506 1028 573 1071 vel
607 1027 821 1071 damnum
859 1028 1017 1079 simile,
1052 1041 1199 1085 potest
1235 1029 1350 1071 licite
1384 1028 1436 1071 ab
1470 1042 1521 1070 eo

98 1100 266 1156 fugere,
302 1115 381 1142 nec
417 1101 577 1142 reverti
611 1099 797 1142 durante
833 1100 908 1142 illo
943 1100 1154 1157 periculo.
1193 1118 1212 1140 »

208 1172 255 1230 J‘)
290 1172 350 1214 Ut
384 1184 500 1219 recte
534 1170 709 1214 disserit
733 1187 765 1214 3.
793 1171 994 1214 Thomas
1019 1171 1106 1230 (2),
1135 1190 1153 1211 «
1182 1184 1357 1215 tenetur
1383 1172 1520 1216 homo

98 1243 272 1286 homini
306 1243 485 1287 obedire
520 1245 563 1287 in
600 1244 682 1300 his,
718 1259 828 1301 quae
863 1245 1056 1286 exterius
1092 1260 1167 1301 per
1218 1259 1379 1301 corpus
1415 1257 1519 1288 sunt

96 1313 292 1371 agenda3
342 1315 387 1358 in
438 1314 599 1372 quibus
650 1327 797 1358 tamen
833 1314 1081 1357 secundum
1117 1331 1178 1370 ea7
1213 1331 1324 1373 quae
1358 1315 1409 1358 ad
1445 1332 1518 1358 na-

95 1399 240 1429 turam
276 1387 475 1443 corporis
526 1387 765 1443 pertinent,
816 1386 953 1428 homo
1005 1386 1178 1429 homini
1212 1386 1390 1429 obedire
1425 1402 1515 1430 non

94 1471 285 1514 tenetur,
318 1457 391 1501 sed
417 1458 564 1501 solum
600 1460 710 1501 Deo.
739 1476 758 1498 ›>
796 1458 984 1511 Scilicet,
1019 1457 1253 1515 distinguit
1288 1474 1321 1501 s,
1347 1459 1516 1501 Doctor

94 1531 207 1572 inter
242 1545 373 1586 opera
408 1542 588 1573 externa
623 1546 698 1572 seu
735 1532 979 1573 extrinseca
1014 1546 1124 1587 quae
1160 1546 1234 1587 per
1269 1531 1382 1572 vires
1418 1545 1514 1572 cor-

93 1601 211 1658 poris
247 1600 375 1657 fiunt‚
411 1613 451 1643 et
486 1601 555 1643 illa
583 1617 693 1658 quae
717 1601 767 1643 ad
794 1614 996 1643 naturam
1032 1602 1232 1657 corporis
1267 1602 1513 1657 pertinent:

92 1671 236 1730 quoad
262 1674 409 1730 priora
434 1685 627 1728 tenetur,
653 1671 797 1729 quoad
824 1672 903 1714 alia
928 1687 1017 1713 non
1043 1684 1218 1714 tenetur
1255 1671 1392 1713 homo
1411 1670 1513 1713 obe-

91 1744 182 1787 dire
217 1744 404 1788 homini.
441 1745 577 1802 Atqui
626 1744 889 1787 contrahere
940 1744 1281 1786 matrimonium
1321 1742 1372 1786 ad
1408 1743 1512 1786 haec

91 1816 171 1859 alia
221 1818 427 1873 pertinet.
481 1834 499 1856 «
540 1815 682 1872 Unde,
728 1833 779 1858 en
816 1832 848 1857 s.
886 1815 1091 1858 'I'homae
1139 1814 1384 1870 conciusio,
1421 1830 1510 1858 non

91 1900 297 1931 tenentur
333 1904 411 1931 nec
446 1890 558 1931 servi
595 1888 803 1943 dominis,
831 1903 908 1930 nec
939 1887 1015 1929 filii
1042 1886 1297 1943 parentibus
1333 1886 1511 1930 obedire

89 1959 140 2002 de
175 1960 465 2001 matrimonio
519 1958 825 2001 contrahendo
860 1958 924 2001 vel
962 1957 1013 2000 de
1049 1958 1301 2013 virginitate
1335 1973 1509 2000 servan-

88 2029 152 2072 da.
192 2047 210 2070 »
248 2030 398 2082 Quare
424 2046 512 2072 non
540 2042 683 2086 potest
709 2029 918 2072 dominus
945 2044 1119 2071 servum
1147 2028 1375 2086 impedire,
1401 2043 1509 2086 quo-

89 2102 236 2144 minus
272 2102 306 2143 is
344 2102 420 2144 hac
457 2103 498 2144 in
537 2117 580 2144 re
617 2113 765 2144 utatur
801 2102 894 2143 iure
929 2100 1010 2142 sibi
1044 2116 1065 2142 a
1102 2113 1255 2143 natura
1281 2115 1508 2142 concesso.

205 2175 252 2230 g)
289 2173 514 2215 Hactenus
540 2171 600 2214 de
636 2170 791 2214 officii<
828 2173 1027 2226 negati-vis
1070 2186 1155 2212 non
1185 2169 1382 2213 laedendi
1419 2186 1506 2213 ser-

155 2406 211 2451 (1)
238 2407 306 2452 Op.
335 2408 403 2449 eit,
433 2405 520 2452 dis-p.
551 2406 607 2440 ΙΙΙ.
638 2414 726 2440 sect.
759 2403 799 2439 ΙΙ.

155 2472 205 2510 12)
234 2467 270 2500 Iu
302 2477 332 2502 2.
364 2477 394 2501 2.
423 2479 454 2510 q.
489 2477 561 2508 101.
592 2478 623 2502 a.
659 2477 686 2505 ς.
