1705 2787
729 68 961 108 „51-

120 174 167 218 da
197 173 236 216 la
265 171 394 222 sante',
425 169 491 212 des
521 170 653 227 forces
683 170 740 213 du
771 180 895 230 corps,
942 180 978 214 et
1008 171 1072 215 des
1125 173 1290 230 qzcalite's
1331 173 1378 216 de
1409 173 1559 232 l'esprz‘t

121 261 172 289 ou
201 244 248 288 de
280 244 417 287 Z’cilne:
450 242 607 295 luntre,
642 246 757 300 qzc'on
783 252 879 302 petit
912 244 1063 303 appeler
1096 245 1287 301 ine'galite'
1318 245 1467 289 morale
1509 260 1558 288 οιι

115 317 314 376 politiqzce,
340 322 460 372 parce
493 313 623 370 qn'elle
654 313 807 372 de'pend
839 315 960 357 d'zme
1005 323 1107 358 sorte
1139 316 1186 359 de
1218 318 1469 370 convention,
1522 325 1559 360 et

124 387 256 446 qu’elle
287 394 340 429 est
374 383 514 428 e'tahlie
547 399 598 427 οιι
629 384 683 427 dn
715 387 842 428 moins
875 389 1068 430 autorise‘e
1094 396 1174 446 par
1206 388 1237 431 Ie
1270 397 1559 432 consentement

123 458 188 501 des
218 457 402 500 hommes.
444 454 611 498 Cella-ci
643 457 802 498 consiste
823 457 924 499 dans
946 458 997 500 les
1018 457 1208 515 diffc‘relzs
1224 459 1438 517 privileges
1461 458 1559 501 dont

123 530 388 588 quelques-uns
418 529 609 587 jouissent
640 542 690 570 au
717 529 919 587 pre'judiae
950 530 1015 573 des
1047 539 1198 583 autres,
1230 546 1375 583 comma
1421 531 1558 574 d’etre

116 601 207 660 plus
237 601 373 652 -riches,
397 600 488 658 plus
517 598 698 651 honore's;
723 600 812 657 plns
839 603 1022 658 picissmzs
1054 606 1210 659 qza’enx,
1243 618 1293 645 οιι
1339 605 1465 645 mdme,
1511 602 1558 645 de

122 677 205 716 s'en
234 673 346 730 faire
378 671 499 715 obe'ir.
520 688 543 713 ))
578 672 733 728 Itaque,
770 671 883 728 quod
917 674 1062 716 existat
1095 673 1244 717 divisio
1273 676 1377 717 inter
1409 674 1558 718 divites

121 757 162 788 et
193 759 404 802 paupereS,
437 744 542 786 inter
589 754 769 785 rectores
801 756 840 786 et
872 743 1072 797 subditos,
1121 746 1205 788 hoc
1255 747 1309 788 ait
1343 746 1558 789 Rousseau

123 817 343 874 provenire
375 816 424 858 ab
455 815 680 858 hominum
713 818 1006 859 conventione.
1041 818 1206 860 Etenim
1229 818 1271 860 in
1293 830 1412 871 statu,
1433 832 1559 875 quem

122 889 207 944 ipse
240 886 425 939 adstruit,
456 897 626 928 naturae
655 886 937 943 unusquisque
970 886 1138 930 haberet
1174 905 1194 927 ‹<
1230 904 1285 929 un
1329 887 1440 931 droit
1480 886 1558 929 illi-

124 958 226 1000 mite
247 959 270 1000 a
300 969 393 999 tout
425 972 470 999 ce
502 958 573 1013 qui
603 956 641 999 le
673 967 782 998 tente
816 968 855 999 et
888 957 987 1014 qu'il
1018 971 1116 1014 peut
1149 958 1334 1001 attend1·e
1356 958 1437 1017 (1).
1461 976 1481 999 ))
1507 958 1558 1000 Et

124 1030 301 1086 insuper,
335 1044 430 1072 cum
463 1028 614 1071 nullius
636 1040 740 1070 esset
762 1029 969 1072 societatis
993 1030 1244 1083 membrum,
1268 1029 1370 1072 nulii
1392 1044 1559 1087 quoque

125 1101 319 1158 potestati
349 1099 554 1142 subiectus
587 1098 709 1141 foret.

214 1170 347 1223 Quod
387 1183 541 1228 spectat
583 1169 633 1214 ad
676 1170 1017 1228 inaequalitatem
1060 1172 1101 1214 in
1133 1188 1184 1215 eo
1217 1174 1409 1229 positam,
1444 1171 1559 1229 quod

123 1243 192 1286 alii
223 1242 370 1286 divites
401 1244 495 1296 sint,
529 1241 595 1285 alii
626 1258 840 1299 paupere5‚
876 1242 925 1286 de
962 1243 1038 1286 hac
1082 1244 1262 1287 diximus
1296 1246 1338 1286 in
1376 1243 1558 1287 thesibus

124 1314 174 1358 de
206 1315 366 1371 origine
399 1313 578 1358 dominii
609 1315 884 1370 proprietatis.
920 1314 1051 1365 Quod
1086 1330 1185 1357 vero
1209 1316 1353 1357 attinet
1376 1314 1427 1358 ad
1452 1316 1557 1358 inae·

124 1385 365 1443 qualitatem
387 1386 430 1428 in
450 1400 502 1428 eo
524 1386 718 1442 positam,
743 1385 858 1442 quod
882 1385 950 1428 aiii
975 1385 1144 1443 quidem
1166 1388 1246 1429 sint
1278 1399 1457 1429 rectores
1485 1402 1558 1429 seu

124 1459 340 1515 principeS,
363 1457 432 1501 alii
452 1472 553 1500 vero
572 1456 734 1511 subditi,
755 1456 875 1501 debet
898 1456 1096 1514 distingui
1115 1460 1299 1515 quaestio
1318 1458 1514 1515 generalis
1537 1475 1560 1501 a

125 1530 365 1587 quaestione
395 1529 559 1587 speciali.
596 1554 648 1559 —
682 1528 726 1571 Si
759 1530 1046 1586 quaestionem
1088 1530 1274 1572 instituas
1318 1530 1557 1586 generalem,

124 1614 163 1644 et
195 1616 379 1658 quaeras,
411 1599 619 1644 undenam
652 1599 808 1643 factum
830 1601 881 1643 sit
903 1616 949 1643 ac
971 1615 1098 1657 porro
1123 1599 1205 1653 fiat,
1229 1612 1273 1642 ut
1296 1602 1338 1643 in
1368 1600 1556 1644 humano

123 1688 273 1731 genere
315 1687 479 1729 semper
519 1684 559 1715 et
600 1670 753 1729 ubique
801 1672 980 1714 extiterit
1014 1671 1162 1714 divisio
1201 1673 1243 1714 in
1274 1672 1480 1728 principes
1512 1687 1558 1714 ac

125 1742 324 1797 subditos,
347 1742 622 1800 respondebo,
646 1742 687 1786 id
710 1758 797 1785 non
819 1759 904 1785 esse
928 1742 975 1785 ab
999 1743 1221 1785 hominum
1246 1758 1461 1796 consensu,
1485 1743 1558 1786 sed

124 1830 210 1857 esse
228 1813 469 1857 immediate
486 1830 508 1857 a
526 1813 637 1866 Deo,
655 1815 725 1872 qui
743 1813 995 1857 instituendo
1014 1815 1254 1856 societatem
1277 1813 1455 1867 civilem,
1474 1815 1559 1856 iam

126 1886 271 1942 eoipso
302 1886 476 1928 instituit
508 1901 556 1929 ea
587 1886 742 1939 omnia,
762 1901 865 1942 quae
888 1901 911 1927 a
933 1897 1076 1927 natura
1098 1886 1304 1927 societatis
1327 1884 1456 1927 civilis
1477 1885 1558 1927 exi-

125 1968 291 2014 guntur:
325 1957 513 2013 inprimis
545 1972 645 2000 vero
678 1959 850 2000 instituit
882 1969 921 1999 et
954 1956 1086 1999 voluit
1119 1958 1408 1999 anctoritatem
1440 1957 1558 2014 eique

125 2027 445 2084 respondentem
469 2027 746 2072 obedientiam
766 2041 886 2085 atque
903 2029 1232 2071 submissionem:
1252 2028 1456 2085 siquidem
1473 2031 1558 2072 sine

125 2099 190 2142 his
211 2099 323 2142 nulla
344 2112 480 2156 potest
503 2116 589 2143 esse
611 2100 678 2143 vel
701 2102 862 2157 concipi
883 2102 1068 2143 societas.
1097 2118 1116 2140 «
1144 2098 1276 2152 Quod
1308 2101 1557 2158 principatus

123 2171 219 2225 sint,
252 2171 384 2228 inquit
416 2187 448 2214 s.
471 2172 647 2215 Ioannes
682 2172 1011 2228 Chrysostomus
1043 2169 1125 2229 (2),
1160 2183 1200 2213 et
1232 2171 1345 2228 quod
1378 2171 1446 2215 alii
1483 2173 1557 2215 im-

197 2347 254 2392 (1)
281 2348 406 2383 Contr.
434 2360 507 2383 soc.
534 2348 556 2382 l.
584 2349 627 2382 11.
656 2360 684 2381 c.
713 2348 743 2381 8.

196 2407 251 2453 (2)
277 2409 318 2442 In
345 2421 398 2454 ep.
426 2409 468 2443 ad
495 2410 601 2443 Rom.
631 2419 703 2453 cap.
733 2407 830 2441 XIII.
859 2407 958 2440 hom.
979 2417 1032 2451 23.
1053 2406 1175 2451 Migne
1193 2406 1286 2440 Patr.
1307 2418 1356 2452 gr.
1369 2414 1457 2441 tom.
1478 2406 1555 2441 Lx.

123 2477 208 2513 pag.
237 2467 316 2512 615.
