1705 2787
776 49 1000 85 —So—

182 166 422 206 congruam
462 152 792 208 perventionem
829 150 878 194 ad
915 152 1075 208 ipsum,
1102 151 1359 209 prohibetur
1385 168 1474 195 non
1499 150 1593 210 qui-

181 225 278 267 dem
317 226 469 281 primis
505 225 746 280 praeceptis
783 224 888 278 legis:
917 237 1112 279 naturae,
1138 224 1211 266 sed
1237 224 1455 279 secundis,
1481 239 1589 281 quae

180 312 228 337 ex
267 297 420 352 primis
456 294 735 337 derivantur:
773 295 885 336 sicut
920 294 1229 338 conclusiones
1266 296 1307 336 in
1364 294 1596 351 speculati—

182 367 244 407 vis
281 383 329 407 ex
365 366 590 422 principiis
617 380 690 421 per
716 381 761 406 se
795 365 912 407 notis
950 364 1079 407 fidem
1107 364 1282 407 liabent.
1309 364 1361 407 lit
1387 366 1445 406 sic
1481 363 1594 407 dicta

180 438 292 478 actio
328 450 480 478 contra
516 436 655 491 legem
695 448 876 477 naturae
910 451 1003 477 esse
1038 434 1212 478 dicitur,
1252 454 1269 475 J)

276 506 442 563 Regula
467 507 617 561 igitur,
642 505 693 547 de
718 520 802 562 qua
828 504 963 547 modo
988 506 1272 562 inquirimus,
1307 504 1358 548 ad
1393 516 1589 547 mentem

179 595 210 621 3.
238 578 443 620 Tliomae
469 589 532 618 est
558 577 675 618 haec.
703 575 933 633 Quidquid
959 578 1179 619 actionem
1215 575 1355 619 reddit
1386 577 1593 618 inconve-

181 651 376 691 nientem
413 647 504 703 fini,
554 663 686 704 quem
738 659 891 689 natura
941 663 991 689 ex
1040 662 1172 703 opere
1205 647 1353 704 aliquo
1387 645 1592 701 intendit,

180 720 340 763 dicitur
375 734 467 760 esse
502 730 656 761 contra
692 718 833 773 legem
869 730 1064 760 naturae.
1109 717 1192 760 Sed
1233 717 1320 760 duo
1369 730 1473 760 sunt
1521 716 1592 760 ad-

183 789 391 845 notanda,
426 805 619 847 quorum
654 789 843 831 alterum
878 800 1044 845 spectat
1079 788 1229 844 finem,
1265 790 1334 832 cui
1368 790 1481 832 actio
1516 787 1587 831 ad-

180 875 393 917 versatur,
428 862 617 905 alterum
667 872 832 918 spectat
881 860 1065 917 gradum
1122 876 1197 903 seu
1249 859 1450 916 modum,
1501 875 1589 918 quo

179 936 291 978 actio
328 934 405 977 fini
439 932 708 976 adversatur.
743 933 861 975 Finis
897 932 1077 988 scilicet,
1111 934 1181 974 cui
1215 933 1328 974 actio
1352 944 1418 974 est
1441 933 1590 974 incon-

176 1007 373 1060 veniens,
407 1015 552 1062 potest
601 1019 694 1045 esse
744 1003 811 1045 vel
861 1003 1113 1060 principalis
1168 1003 1235 1045 vel
1285 1001 1586 1046 secundarius,
1639 992 1642 994 ¹

179 1079 290 1121 Item
325 1075 500 1131 modus,
535 1090 623 1133 quo
658 1077 771 1118 actio
806 1076 1047 1132 opponitur
1082 1074 1174 1130 fini,
1221 1076 1309 1117 sive
1360 1075 1589 1132 principali

180 1152 270 1194 sive
303 1148 580 1204 secundario,
615 1161 758 1205 potest
793 1164 886 1189 esse
921 1147 1104 1204 duplex:
1140 1148 1207 1190 vel
1241 1148 1360 1189 enirn
1404 1146 1588 1204 impedit

178 1237 359 1281 prorsus
396 1220 547 1276 finem,
581 1220 649 1262 vel
683 1219 781 1262 facit
817 1218 1039 1262 difficilem
1075 1231 1149 1261 aut
1184 1219 1333 1261 minus
1357 1217 1587 1261 decentem

176 1294 512 1352 perventionem
547 1290 597 1333 ad
634 1291 783 1334 finem.
820 1292 1019 1334 Iamvero
1045 1291 1103 1348 1.)
1138 1291 1173 1332 si
1207 1291 1320 1332 actio
1354 1292 1409 1333 sit
1434 1291 1586 1333 incon-

179 1366 360 1408 veniens
397 1362 474 1405 fini
501 1361 740 1420 principali,
777 1374 908 1419 atque
942 1362 1000 1404 ita
1038 1362 1094 1403 sit
1141 1361 1204 1404 illi
1253 1363 1587 1419 inconveniens,

174 1446 213 1480 ut
233 1452 321 1479 enm
345 1437 508 1478 omnino
534 1434 735 1491 impediat,
763 1433 859 1475 talis
879 1432 1273 1490 actioprohibetur
1289 1435 1439 1490 primis
1464 1449 1586 1491 prae-

175 1508 310 1565 ceptis
346 1506 452 1563 legis
487 1518 668 1548 naturae
703 1504 836 1562 (quae
872 1506 915 1547 in
951 1504 1247 1562 operabilibus
1293 1517 1446 1548 tenent
1479 1520 1582 1548 eum

175 1580 338 1635 locum,
374 1593 506 1636 quem
541 1578 680 1634 prima
716 1577 928 1633 principia
972 1588 1125 1618 tenent
1174 1578 1218 1618 in
1266 1576 1584 1636 speculativis).

173 1654 244 1695 At.
281 1651 343 1709 2.)
378 1651 412 1692 si
447 1650 560 1692 actio
593 1647 720 1690 faciat
754 1646 977 1690 difficilem
1026 1647 1093 1690 vel
1140 1648 1289 1690 minus
1341 1662 1585 1704 congruam

173 1724 509 1780 perventionem
544 1720 594 1763 ad
630 1719 764 1763 finem
815 1718 1120 1776 principalem,
1168 1730 1242 1761 ant
1293 1733 1577 1776 quocumque

173 1810 224 1837 ex
257 1792 489 1851 praedictis
524 1791 668 1835 modis
707 1792 761 1834 sit
814 1792 1122 1848 incompetens
1174 1789 1251 1832 sini
1305 1790 1582 1847 secundario,

173 1866 268 1909 talis
304 1867 417 1909 actio
450 1863 712 1922 prohibetur
746 1863 933 1907 secundis
968 1863 1208 1919 praeceptis
1244 1862 1350 1919 legis
1402 1874 1582 1905 naturae

173 1936 306 1995 (quae
341 1955 391 1980 ex
425 1937 578 1994 primis
614 1935 883 1990 derivantur,
917 1935 1030 1976 sicut
1065 1935 1108 1975 in
1163 1933 1442 1990 speculativis
1478 1949 1582 1976 con-

173 2008 392 2050 clusiones
427 2018 763 2065 consequuntur
798 2022 848 2048 ex
882 2006 1108 2063 principiis
1143 2020 1217 2061 per
1252 2020 1296 2046 se
1331 2005 1486 2063 notis).

261 2078 429 2136 Regula
452 2078 556 2121 haec
590 2089 654 2120 est
687 2092 787 2120 verat
821 2089 862 2119 et
896 2089 1006 2134 apta.
1032 2077 1146 2119 Fieri
1170 2077 1289 2119 enim
1325 2077 1493 2133 nequit,
1528 2088 1576 2119 ut

171 2163 325 2192 natura
361 2149 496 2192 finem
531 2165 582 2191 ex
615 2163 747 2206 opere
781 2147 929 2205 aliquo
962 2146 1176 2203 intendat,
1210 2162 1288 2189 nec
1313 2159 1461 2189 tamen
1486 2162 1583 2204 pro-

172 2221 317 2264 hibeat
352 2236 399 2262 ea
433 2222 598 2276 omnia,
634 2235 743 2277 quae
779 2219 914 2262 finem
948 2219 1073 2262 illum
1098 2234 1279 2275 prorsus
1313 2218 1579 2276 impediunt,

172 2308 264 2348 seu,
299 2308 400 2334 cum
435 2291 594 2350 quibus
629 2291 679 2334 de
715 2291 801 2333 fine
836 2292 910 2334 illo
947 2304 1093 2333 actum
1128 2306 1308 2348 prorsus
1359 2304 1437 2334 est.
1491 2292 1579 2335 Na-

170 2377 266 2408 tura
286 2376 433 2406 autem
454 2379 544 2406 non
564 2363 877 2407 tantummodo
894 2363 986 2406 vult
1000 2365 1335 2420 perventionem
1355 2363 1407 2407 ad
1427 2363 1578 2420 finem,

169 2449 259 2478 non
295 2434 345 2477 de
379 2435 690 2492 qualicumque
727 2434 825 2476 finis
861 2436 1178 2477 consecutione
1219 2447 1424 2477 contenta
1481 2447 1573 2479 est:
