1705 2787
682 101 732 106 ““
769 90 849 132 335
888 101 940 105 -

104 185 287 229 divisio:
324 198 462 241 quare
496 183 640 226 multo
674 184 814 240 magis
849 182 1052 224 obtinere
1103 179 1230 223 debet
1268 181 1311 222 in
1369 194 1526 236 magua

105 269 146 299 et
179 254 370 313 perfecta
403 255 630 311 societate,
665 254 807 312 qualis
843 266 908 296 est
942 254 1109 296 civitas.

221 327 276 370 ΙΙ.
311 327 486 370 Verum
520 338 569 368 ut
603 325 851 368 ordinariae
887 337 928 367 et
961 322 1328 380 independenteS,
1363 321 1526 365 debent

103 413 180 441 eae
214 408 460 455 potestates
495 396 679 453 reperiri
718 395 853 438 simul
901 395 1166 437 coniunctae
1216 395 1261 436 in
1313 408 1529 450 supremo

104 469 328 512 societatis
363 480 549 510 rectore.
585 467 688 509 Sine
724 481 936 524 supremo
971 466 1055 508 hoc
1090 466 1304 522 principe,
1359 465 1436 521 qui
1474 465 1529 506 sit

110 540 382 598 principium
416 539 602 581 unitatis
637 552 679 581 et
714 538 897 592 ordinis,
919 539 1104 580 societas
1139 551 1231 579 non
1257 548 1403 593 potest
1426 550 1531 578 con—

105 613 262 655 sistere
296 610 384 669 (1).
420 610 667 673 Shupremus
703 623 851 653 autem
877 611 1081 667 princeps
1107 620 1171 650 est
1195 608 1281 662 ill-e,
1308 609 1385 665 qui
1409 622 1532 664 prae-

103 683 241 727 dictas
276 694 365 725 tres
400 675 643 740 potestates
667 675 723 724 'in
757 697 802 724 se
838 681 983 737 habet,
1018 695 1179 737 easque
1215 679 1346 722 habet
1381 691 1430 721 ut
1455 694 1524 721 or-

105 755 298 799 dinarias
333 768 375 797 et
408 753 775 811 independentes.
812 754 865 795 Et
899 768 1003 795 sane
1039 752 1086 809 α)
1110 752 1315 808 princeps
1351 765 1441 793 non
1466 762 1531 792 est

107 826 195 882 ille,
230 826 306 884 qui
340 837 459 868 caret
493 822 792 882 potestatibus
827 823 879 866 ad
913 838 1079 865 munus
1114 822 1324 879 principis
1344 820 1532 878 implen—

107 897 220 941 dum
258 897 512 954 requisitis:
549 911 623 938 eae
655 910 760 938 vero
797 907 885 937 tres
920 906 1161 951 potestates
1187 905 1291 935 sunt
1311 907 1466 934 omnes
1491 904 1532 934 et

108 967 313 1025 singulae
347 966 400 1010 ad
433 981 603 1009 munus
639 966 851 1023 principis
887 963 1219 1022 exsequendum
1254 978 1438 1020 prorsus
1459 978 1531 1005 ne-

111 1039 340 1082 cessariae.
375 1038 588 1095 Princeps
623 1038 669 1096 k3)
703 1052 795 1079 non
831 1049 910 1091 est,
945 1036 1020 1080 sed
1059 1036 1262 1078 minister
1307 1035 1532 1091 principiS,

113 1112 190 1169 qui
225 1125 295 1152 eas
330 1121 573 1167 potestates
602 1107 748 1157 habet,
770 1122 860 1149 non
884 1109 972 1149 iam
1008 1106 1266 1161 ordinarias,
1289 1104 1364 1148 sed
1382 1103 1434 1147 ab
1448 1105 1533 1147 alio

112 1180 198 1225 sibi
232 1180 466 1237 delegatas.
502 1181 596 1233 Qui
630 1194 736 1222 vero
769 1178 817 1237 γ)
852 1194 921 1220 eas
947 1177 1077 1220 habet
1103 1190 1150 1220 ut
1175 1176 1434 1232 ordinarias,
1458 1175 1533 1219 sed

116 1251 252 1295 modo
288 1250 571 1309 dependenti,
605 1253 640 1294 is
676 1253 881 1309 princeps
916 1250 1096 1308 quidem
1131 1262 1209 1305 est,
1244 1264 1335 1291 non
1384 1261 1532 1291 tamen

112 1325 317 1382 princeps
353 1338 605 1380 supremuS.
641 1324 738 1366 Hoc
764 1338 908 1366 unum
933 1323 1115 1379 triplicis
1140 1321 1257 1364 illius
1282 1321 1389 1363 iuris
1414 1320 1533 1377 prin-

113 1395 252 1453 cipale
286 1394 540 1438 subiectum
574 1394 773 1451 diversis,
809 1393 1107 1451 dependenter
1142 1405 1291 1435 tamen
1325 1407 1345 1433 a
1371 1392 1532 1448 seipso,

114 1480 266 1511 utetur
300 1467 518 1509 ministris
554 1466 606 1510 ad
650 1465 941 1510 exercendam
986 1465 1205 1522 triplicem
1256 1463 1374 1505 illam
1410 1475 1532 1519 pote-

110 1552 298 1592 statem,
335 1553 446 1596 quae
481 1554 531 1581 ex
565 1555 610 1581 se
645 1538 851 1596 pullulat,
887 1551 1110 1594 quamque
1145 1537 1189 1577 in
1224 1550 1268 1575 se
1317 1534 1532 1588 continet,

109 1625 339 1669 tamquam
374 1612 418 1653 in
456 1610 599 1654 radice
634 1626 721 1659 una
756 1623 796 1652 et
832 1625 923 1652 uno
949 1608 1082 1650 fonte.
1118 1607 1204 1649 Vix
1229 1621 1341 1662 opus
1376 1618 1456 1660 est,
1481 1617 1529 1647 ut

110 1697 393 1738 moneamUS,
442 1698 524 1725 nos
573 1681 625 1725 de
674 1682 843 1724 unitate
892 1681 1028 1737 loqui,
1074 1680 1162 1721 sive
1212 1678 1390 1735 physica
1441 1677 1530 1718 sive

107 1753 265 1796 morali
297 1752 384 1811 (2)

179 1942 224 1980 (1)
253 1939 310 1973 Cf.
338 1951 455 1985 super.
483 1940 576 1975 thes.
602 1940 804 1974 XXXYIH.
835 1958 876 1963 -
908 1940 989 1979 Qua
1017 1938 1052 1970 in
1079 1936 1170 1970 thesi
1192 1935 1427 1975 ostendimus,
1449 1933 1532 1967 nul-

109 1998 180 2033 lam
208 1999 432 2041 societatem,
459 1999 573 2034 multo
601 2011 689 2033 vero
718 2000 837 2032 minus
866 1998 1078 2030 societatem
1102 1994 1298 2041 persei-lani,
1326 2004 1433 2038 posse
1452 1993 1533 2026 sub-

109 2059 237 2094 sistere
265 2059 398 2105 absque
428 2072 493 2093 uno
522 2071 691 2105 supremo
720 2068 870 2100 rectore,
900 2058 958 2102 qui
987 2057 1031 2090 sit
1065 2054 1162 2089 velut
1191 2054 1306 2088 anima
1336 2053 1530 2091 societatis,

109 2130 148 2152 ac
174 2119 329 2164 primum
356 2119 391 2153 in
418 2130 460 2153 ea
487 2119 630 2153 unitatis
659 2128 693 2152 et
721 2118 853 2151 ordinis
881 2116 1103 2161 principium.

180 2176 235 2221 (2)
262 2176 508 2211 Admittamus
537 2177 705 2216 (obiicere
732 2176 801 2208 hoc
829 2174 964 2217 solent)
1005 2173 1220 2207 sententiam
1247 2181 1410 2206 veterum
1438 2173 1530 2205 circa

105 2236 257 2281 primam
283 2235 417 2281 politici
431 2236 648 2281 principatus
668 2235 857 2279 originem.
880 2234 1084 2267 Auctoritas
1106 2242 1159 2266 est
1178 2231 1387 2265 immediate
1407 2243 1425 2264 a
1444 2231 1525 2264 Deo

111 2295 147 2328 in
173 2295 444 2330 communitate.
479 2295 743 2335 Communitas,
784 2303 819 2327 ut
848 2304 929 2327 eam
971 2300 1091 2337 potest
1118 2291 1182 2325 sibi
1209 2299 1323 2325 totam
1364 2290 1529 2329 retinere,

112 2355 159 2388 ita
184 2355 316 2399 poterit
347 2355 456 2388 etiam
484 2365 564 2388 eam
592 2354 784 2399 separatim
812 2353 894 2387 dare
923 2352 1035 2386 tribus
1063 2351 1238 2385 distinctis
1258 2349 1437 2387 subiectis,
1458 2349 1478 2382 i.
1498 2360 1528 2382 e.

114 2413 198 2448 dare
226 2414 284 2447 11111
313 2414 476 2447 subiecto
506 2422 723 2458 potestatem
764 2412 1014 2456 legislativam,
1044 2411 1142 2445 alteri
1171 2423 1189 2444 a
1228 2410 1334 2455 priori
1362 2409 1529 2442 distincto

115 2473 346 2516 iudiciariam,
375 2473 481 2507 tertio
510 2473 743 2507 executivam.
772 2492 813 2497 —
845 2472 1043 2519 Responduo.
1084 2470 1236 2509 Scilicet,
1265 2470 1300 2503 111
1327 2469 1386 2503 tali
1415 2469 1529 2515 hypo-
