1705 2787
718 107 770 111 ,-
809 95 858 137 59
896 106 949 111 „-

114 201 331 248 sequenter
362 189 414 233 ad
446 191 596 233 initum
619 201 798 247 pactum,
823 188 974 231 iactam
994 187 1342 244 promissionem:
1375 186 1408 227 si
1441 184 1547 227 hanc

112 278 201 305 non
232 261 434 315 fecissem,
465 277 554 304 non
585 277 654 303 me
677 260 742 303 lex
776 259 1010 316 obligasset.
1030 259 1102 311 Ut,
1120 258 1285 314 proprie
1318 256 1546 313 loquend0‚

112 348 239 376 nemo
261 331 337 375 sibi
353 333 552 389 imperat;
587 333 653 384 ita,
686 332 854 388 proprie
879 328 1108 387 loquendo,
1132 343 1259 370 nemo
1281 326 1356 370 sibi
1381 326 1544 370 obedit:

114 418 159 447 ut
190 405 426 461 imperium,
459 404 517 445 sic
550 402 784 446 obedientia
815 415 874 444 est
915 401 965 444 ad
997 402 1180 444 alterum.
1233 425 1284 430 —
1334 399 1548 442 Rousseau

114 475 221 518 hanc
254 490 351 517 suae
384 474 620 516 assertionis
653 472 769 515 affert
803 474 1023 515 rationem.
1073 471 1186 514 Civis
1225 472 1395 528 quisque
1430 471 1548 512 initio

115 548 177 589 sui
209 547 252 589 in
283 547 528 589 societatem
559 546 768 601 ingressus
800 544 926 587 semel
970 559 1046 601 pro
1080 558 1242 600 semper
1284 557 1401 584 suam
1433 540 1547 584 abdi-

115 618 221 661 cavit
252 616 515 659 voluntatem
546 615 837 672 particularem
870 617 1088 672 privatam,
1123 627 1163 657 et
1195 615 1236 656 in
1269 612 1389 656 huius
1407 611 1549 654 locum

114 690 321 732 substituit
353 703 553 744 suamque
584 686 681 730 fecit
714 687 973 729 voluntatem
1006 686 1245 743 generalem
1281 684 1347 727 vel
1379 685 1549 726 maioris

114 762 269 805 civium
301 762 428 818 partis
449 759 541 819 (1):
576 760 624 802 ab
647 759 724 802 hac
742 759 956 802 voluntate
989 758 1168 816 pendent
1191 758 1325 815 leges:
1359 756 1422 798 his
1446 771 1548 812 ergo

113 849 155 876 se
187 831 484 885 submittendo,
519 833 618 874 civis
651 832 824 888 quisque
858 848 899 873 se
938 830 1073 874 subdit
1106 830 1309 873 voluntati
1342 829 1547 886 propriae,

114 921 155 948 se
192 904 328 948 subdit
360 903 448 957 sibi,
497 915 595 946 tunc
639 905 764 946 etiam
797 918 892 945 cum
925 902 976 946 ad
1009 904 1154 945 mortis
1186 901 1433 958 supplicium
1466 912 1546 942 tra-

114 975 237 1019 hitur.
272 974 354 1019 Sed
388 974 490 1018 haec
523 989 611 1017 non
643 987 737 1017 sunt
767 975 844 1017 nisi
888 974 1039 1018 modus
1063 973 1259 1031 loquendi
1285 973 1549 1028 improprius,

113 1047 179 1091 vel
210 1048 348 1105 potius
380 1061 515 1103 nugae
548 1044 787 1090 verborum.
822 1072 875 1076 —
910 1045 1130 1102 Multoque
1163 1046 1301 1087 minus
1344 1042 1423 1086 dici
1456 1058 1550 1085 vere
1603 1038 1605 1041 ’

114 1135 159 1163 ac
201 1120 308 1162 serio
356 1129 506 1176 potest,
556 1132 641 1170 eos,
691 1118 761 1174 qui
809 1130 973 1174 pactum
1024 1116 1172 1159 sociale
1215 1117 1414 1167 inierunt,
1464 1130 1550 1157 esse

115 1191 269 1234 liberos
301 1206 430 1247 aeque
462 1206 508 1233 ac
539 1189 710 1232 fuissent
744 1188 858 1231 liberi
890 1202 1005 1231 extra
1038 1188 1155 1230 civile
1189 1188 1461 1230 consortium.
1491 1186 1549 1228 Ut

114 1263 191 1306 alia
223 1264 432 1316 omittam,
461 1278 646 1320 quonam
679 1261 812 1304 modo
844 1260 923 1304 dici
971 1260 1011 1304 id
1060 1272 1209 1317 potest,
1257 1261 1303 1313 si,
1347 1274 1549 1301 consensu

114 1334 226 1388 dato,
259 1335 342 1377 iam
374 1335 484 1376 cives
517 1349 605 1376 non
637 1332 788 1376 habent
836 1333 1096 1375 voluntatem
1143 1332 1432 1388 particularem
1480 1346 1550 1372 seu

112 1405 348 1463 privatam?
377 1403 562 1447 Libertas
595 1416 655 1446 est
689 1403 765 1447 dos
799 1419 870 1445 seu
922 1404 1151 1459 proprietas
1184 1402 1430 1445 voluntatis:
1481 1404 1549 1458 qui

114 1492 218 1534 ergo
260 1476 367 1519 hanc
399 1475 602 1529 abdicant,
652 1491 826 1518 omnem
860 1490 1027 1531 quoque
1071 1474 1258 1517 abdicant
1305 1473 1547 1516 libertatem.

112 1549 255 1606 Itaque
304 1549 346 1601 ii,
396 1549 467 1605 qui
499 1560 667 1605 pactum
703 1546 852 1589 sociale
888 1548 1041 1599 ineunt,
1077 1562 1171 1587 cum
1205 1547 1348 1588 ceteris
1380 1545 1547 1595 iuribus,

113 1636 218 1678 quae
257 1619 419 1673 cedunt,
468 1621 601 1677 ipsam
647 1635 815 1677 quoque
864 1618 1013 1662 cedunt
1063 1632 1102 1660 et
1150 1620 1345 1660 amittunt
1394 1617 1550 1661 liberta-

111 1704 198 1735 tem
228 1690 312 1751 (2).

261 1761 310 1820 d)
343 1761 408 1804 De
443 1762 563 1804 totali
596 1763 788 1804 omnium
822 1762 972 1803 iurium
1005 1761 1200 1811 cessione,
1237 1758 1368 1816 deque
1392 1759 1548 1813 sociali,

112 1849 216 1891 quae
248 1833 343 1877 inde
390 1833 569 1886 resultat,
614 1845 830 1889 potestate,
866 1834 948 1874 iam
996 1831 1130 1887 aliqua
1179 1830 1469 1874 adnotavimus
1505 1832 1544 1873 in

182 1953 239 1998 (1)
265 1954 316 1987 Ex
345 1964 389 1988 eo
417 1952 511 1999 quod
538 1953 683 1999 quisque
711 1964 809 1986 suam
837 1952 1009 1996 privatam
1038 1950 1260 1984 voluntatem
1280 1951 1547 1987 renuntiaverit,

111 2013 200 2047 haec
226 2012 409 2048 concludit
435 2014 630 2053 Rousseau,
649 2013 752 2046 ibid:
782 2026 799 2043 «
821 2011 952 2053 Quand
973 2021 1019 2044 on
1046 2022 1195 2055 propose
1215 2022 1282 2044 une
1302 2010 1348 2044 loi
1369 2010 1454 2043 dans
1473 2010 1548 2043 l'as-

111 2073 271 2108 sembleC
298 2073 343 2107 du
378 2072 517 2119 periplo,
554 2085 595 2107 ce
630 2075 745 2119 qu'on
781 2072 856 2106 leur
883 2071 1059 2105 demande
1087 2072 1176 2104 n'est
1212 2082 1271 2115 pas
1310 2071 1547 2115 precise-ment

113 2134 139 2167 δ’
154 2132 197 2167 ils
222 2132 254 2167 la
281 2134 459 2178 rejcttent‚
494 2133 582 2167 mais
617 2133 643 2166 si
678 2132 746 2166 elle
785 2140 835 2166 est
875 2130 1058 2165 conforme
1098 2141 1143 2164 ou
1171 2141 1243 2164 non
1278 2133 1296 2164 ’ξι
1332 2130 1365 2163 la
1400 2130 1544 2164 volonte

112 2193 291 2239 generale,
317 2194 374 2239 qui
403 2201 455 2228 est
482 2193 516 2227 la
540 2193 627 2227 leur.
656 2205 673 2223 »

183 2252 238 2299 (2)
264 2254 305 2287 In
331 2252 352 2287 l.
377 2263 403 2286 1.
423 2264 452 2287 c,
472 2252 502 2287 6.
523 2261 635 2286 contr.
664 2263 749 2291 soc„
769 2251 922 2284 admittit
951 2251 1145 2289 Rousseau,
1172 2250 1288 2284 civem
1315 2258 1419 2294 pacto
1455 2250 1544 2283 inito

112 2311 273 2357 obligari,
298 2323 372 2346 non
399 2313 470 2346 iam
496 2311 726 2346 solummodo
755 2322 838 2353 erga
864 2310 1018 2353 seipsum
1044 2309 1150 2355 (hauc
1177 2308 1342 2342 concedit
1369 2320 1443 2342 non
1471 2320 1545 2342 esse

112 2383 234 2406 veram
261 2371 550 2418 obligationem),
578 2372 637 2405 sed
666 2385 681 2401 a
701 2381 818 2404 envers
846 2381 890 2402 zm
919 2373 1004 2410 tout,
1031 2368 1111 2402 dont
1139 2380 1179 2401 on
1201 2369 1418 2414 suitpartia.
1439 2367 1544 2401 »Sed

112 2430 198 2465 civis
224 2439 306 2465 ante
332 2439 475 2476 pactum
508 2430 635 2464 initum
663 2441 735 2462 mm
765 2436 838 2462 erat
865 2428 912 2461 ita
938 2428 1125 2473 obligatus.
1153 2428 1248 2473 Ergo
1276 2439 1350 2461 non
1379 2435 1429 2460 est
1458 2426 1546 2460 liber

110 2498 190 2535 post
215 2498 358 2535 pactum
384 2501 494 2535 aeque
521 2500 560 2523 ac
587 2497 668 2522 ante
697 2488 822 2532 ipsum.
