1705 2787
237 205 469 247 supremae
504 191 781 234 auctoritatis
817 193 1098 249 possessione
1132 191 1355 237 stabiliant
1389 192 1457 236 vel
1490 191 1651 237 confir-

237 275 359 305 ment
394 261 480 320 (1).
517 263 693 305 Etenim
730 264 973 306 iniustitiae
1008 265 1237 320 cooperati
1283 263 1401 306 nefas
1436 276 1514 306 est.

357 334 605 389 Legitimus
641 335 844 391 princeps
880 350 970 377 non
1006 347 1150 391 potest
1189 351 1209 377 a
1260 334 1446 379 subditis
1481 335 1655 378 civilem

237 406 412 461 exigere
448 403 773 448 obedientiam:
810 405 1029 463 siquidem
1065 406 1116 449 de
1166 406 1280 449 facto
1330 422 1420 450 non
1464 407 1660 464 possidet

237 491 492 533 supremam
529 478 856 519 auctoritatem.
892 479 949 520 At
984 490 1128 535 potest
1163 480 1254 535 ipse
1289 479 1439 522 conari
1478 494 1657 536 recupe-

238 562 331 590 rare
367 548 695 602 auctoritatem,
730 549 966 605 ipsumque
1001 550 1116 592 cives
1152 561 1341 606 possunt
1366 549 1571 592 adiuvare
1605 548 1657 593 ad

237 620 547 661 auctoritatem
572 618 943 676 recuperandam:
966 621 1188 679 siquidem
1210 622 1413 678 princeps
1430 621 1656 677 legitimus

238 690 368 733 habet
402 706 502 732 vere
538 692 604 733 ius
640 691 692 734 ad
727 692 1075 749 recuperandam
1122 694 1450 747 auctoritatem,
1475 705 1517 736 et
1540 695 1655 736 cives

238 761 399 804 habent
435 763 519 817 ius,
554 774 602 805 ut
626 762 677 804 ab
703 763 793 818 illo,
814 765 890 820 qui
925 776 989 806 est
1011 763 1237 820 legitimus
1258 778 1417 806 eorum
1436 764 1655 820 princep3‚

238 846 463 890 regantur.
509 835 680 876 Verum
730 836 764 876 si
813 834 915 877 haec
967 836 1214 877 tentamina
1264 836 1406 877 maius
1455 836 1655 878 societati

237 905 452 948 damnum
502 906 838 962 progignerent,
873 906 1102 962 legitimus
1152 907 1356 963 princeps
1401 907 1446 948 in
1494 904 1654 948 talibus

236 976 456 1019 adiunctis
492 978 648 1034 nequit
682 992 703 1019 a
738 976 926 1020 subditis
962 979 1153 1034 exigere,
1189 990 1236 1020 ut
1270 979 1419 1034 ipsum
1443 976 1653 1020 adiuvent

234 1047 285 1091 ad
321 1048 667 1105 recuperandam
702 1050 1036 1092 auctoritatem:
1063 1048 1280 1106 siquidem
1319 1049 1557 1091 auctoritas
1583 1061 1648 1092 est

234 1120 278 1162 in
315 1119 483 1162 bonum
518 1121 684 1163 civium
720 1132 761 1162 et
796 1122 1034 1177 societatis,
1081 1135 1169 1163 non
1206 1133 1356 1163 autem
1391 1122 1436 1164 in
1482 1119 1651 1163 bonum

236 1191 447 1248 principis
482 1206 566 1248 qua
600 1193 803 1248 princeps
838 1205 902 1235 est
935 1192 1022 1250 (2).

353 1261 428 1305 IV.
450 1261 738 1303 Affirmamus
773 1260 980 1320 denique>
1001 1278 1048 1305 ea
1072 1278 1281 1320 processu
1309 1263 1524 1319 temporis
1550 1277 1654 1305 con—

235 1334 407 1389 tingere
458 1348 586 1387 posse
631 1349 783 1376 rerum
819 1334 1040 1390 adiuncta,
1093 1336 1137 1377 in
1183 1334 1347 1392 quibus
1392 1334 1534 1389 illum,
1578 1335 1655 1392 qui

237 1406 481 1461 usurpavit,
517 1417 564 1447 ut
608 1406 854 1462 principem
895 1407 1089 1463 accipere
1129 1405 1255 1449 liceat
1289 1421 1336 1448 ac
1375 1405 1651 1448 revereri.—

237 1476 471 1529 Quaedam
496 1476 629 1519 huius
664 1478 727 1520 rei
761 1476 1050 1520 subiiciemus
1085 1478 1297 1535 exempla.

355 1548 399 1590 Si
432 1548 479 1606 α)
514 1549 746 1605 usurpatio
781 1563 861 1606 pro
913 1548 1087 1591 obiecto
1138 1548 1293 1592 habeat
1342 1549 1654 1591 auctoritatem

236 1618 423 1661 alicuius
460 1617 760 1676 Reipublicae,
794 1632 913 1676 patet
947 1633 1261 1677 usurpatorem
1295 1618 1477 1663 evadere
1511 1619 1653 1676 legiti-

237 1704 364 1732 mum
403 1690 445 1732 vi
494 1689 620 1732 liberi
671 1705 919 1733 consensus
970 1690 1139 1748 populi,
1184 1691 1260 1748 qui
1308 1705 1414 1732 suae
1462 1688 1653 1732 libertati

234 1774 391 1820 sponte
426 1762 665 1804 renuntiet.

355 1832 466 1876 Item
501 1832 546 1890 ρ)
582 1832 616 1874 si
665 1832 868 1888 princeps
921 1832 1147 1889 legitimus
1192 1845 1326 1874 suum
1381 1832 1449 1873 ius
1500 1822 1663 1874 cedere'

307 2093 352 2132 (Ι)
382 2091 505 2135 Itaque
534 2091 561 2124 si
589 2101 679 2135 quae
705 2090 804 2136 leges
832 2090 1020 2124 tenderent
1048 2090 1089 2123 ad
1117 2098 1366 2133 usurpatorem
1385 2088 1421 2123 in
1445 2089 1575 2123 iniusta
1595 2100 1656 2123 su-

236 2162 380 2197 premae
410 2151 630 2184 auctoritatis
657 2151 889 2194 possessione
916 2148 1214 2186 confirmandum,
1242 2150 1284 2182 iis
1312 2148 1448 2193 legibus
1477 2149 1571 2183 cives
1593 2155 1657 2195 per

235 2222 266 2244 se
294 2210 440 2244 obedire
468 2221 541 2243 uon
569 2209 713 2242 debent.
740 2209 834 2242 Hinc
861 2209 899 2242 in
925 2208 1033 2253 priori
1062 2217 1159 2253 parte
1191 2208 1343 2241 diximus
1385 2218 1562 2252 expresse,
1606 2209 1657 2241 ci-

236 2281 298 2303 ves
325 2269 455 2303 debere
483 2269 630 2302 obedire
659 2267 795 2314 legibus
824 2268 866 2301 ad
888 2274 1005 2314 pacem
1035 2272 1065 2301 et
1091 2267 1242 2302 ordinem
1266 2267 1440 2313 publicum
1469 2267 1656 2301 conducen‘

240 2329 337 2362 tilvus.

311 2395 356 2427 (2)
385 2389 460 2422 Huc
490 2388 571 2422 sacit
599 2387 694 2426 illud,
724 2388 817 2432 quod
846 2388 978 2432 passim
1000 2388 1040 2421 ab
1060 2387 1261 2421 auctoribus
1290 2386 1356 2419 dici
1377 2385 1485 2420 solet:
1503 2396 1654 2431 regnum

238 2460 299 2482 seu
316 2448 486 2494 populum
504 2460 578 2482 non
598 2460 675 2482 esse
695 2458 839 2493 propter
854 2459 988 2494 regem,
1009 2448 1071 2482 sed
1093 2458 1216 2491 regem
1236 2457 1312 2480 esse
1333 2454 1477 2491 propter
1490 2456 1652 2490 regnum.
