1705 2787
670 112 929 152 -201-

661 361 810 389 THESIS
844 361 929 389 LXI.

81 489 272 546 Regimen
307 490 503 533 societatis
538 488 671 531 civilis
706 498 760 532 est
796 490 1102 533 monarchicmn
1145 490 1208 534 vel
1250 491 1500 534 aristocrati-

203 575 294 603 cum
325 561 389 604 vel
421 561 749 613 democraticzmi,
780 570 903 619 prout
927 578 1090 606 summa
1106 571 1281 620 potestas
1303 571 1382 607 tota
1401 565 1503 606 *resi-

201 633 263 676 det
295 635 338 677 in
364 642 547 691 persona
570 630 742 691 physica
774 643 842 677 alit
874 636 917 677 in
952 644 1061 678 coetu
1095 637 1330 694 optimatum
1353 644 1422 680 ant
1463 637 1505 679 in

203 705 295 761 ipsa
327 705 622 747 communitate.
667 705 785 759 Quae
821 704 1022 762 simplices
1057 705 1436 764 guherniijormae,
1473 707 1509 751 si

204 774 327 817 simul
359 782 716 832 contemperentur,
742 775 889 833 fornici
922 777 1136 833 regiminis
1171 785 1225 820 est
1258 778 1404 820 mixta.

179 920 273 960 162.
308 918 621 962 DECLARATIO.
655 919 911 961 Auctoritas
947 935 1172 977 suprema,
1206 935 1296 963 una
1327 935 1502 979 semper

85 1000 128 1031 et
161 987 313 1031 eadem
346 1003 613 1046 permanens
638 1004 741 1031 cum
766 989 929 1046 triplici
953 1002 1172 1046 potestate
1197 991 1314 1047 leges
1338 990 1506 1051 ferendi

86 1059 308 1103 iudicandi
342 1073 384 1103 et
409 1054 679 1119 exsequendi
712 1060 800 1120 (Ι),
826 1074 973 1118 potest
1007 1075 1156 1105 tamen
1193 1064 1322 1106 variis
1361 1063 1507 1112 modis

85 1147 162 1174 seu
183 1131 339 1174 formis
375 1133 563 1175 existere
598 1148 620 1174 a
655 1144 778 1189 parte
804 1134 879 1176 rei.
904 1135 969 1176 De
996 1134 1063 1176 his
1088 1133 1245 1177 formis
1266 1137 1509 1193 quaeritur,

85 1218 304 1261 quaenam
338 1218 411 1246 eae
445 1204 547 1246 sint.

177 1293 197 1315 «
225 1275 338 1318 Tres
353 1289 473 1332 sunt,
491 1277 550 1318 ait
565 1276 861 1320 Bellarminus
877 1276 965 1336 (2),
991 1276 1160 1320 formae
1186 1276 1326 1322 bonae
1348 1279 1507 1337 guber*

85 1348 293 1390 nationis:
331 1347 589 1400 monarchia,
626 1347 669 1390 id
693 1361 758 1390 est
783 1349 915 1391 unius
942 1350 1377 1407 pi⁴i11cipatu3,cuius
1403 1367 1507 1394 con-

85 1420 271 1462 trarium
305 1420 465 1462 vitium
500 1431 565 1462 est
598 1421 817 1477 tyrannis:
853 1422 1128 1478 aristocratia,
1152 1421 1273 1465 idest
1307 1424 1506 1479 regimen

86 1492 370 1548 optimatum,
405 1492 475 1534 cui
509 1493 755 1549 opponitur
786 1492 1041 1549 oligarchia‚
1066 1493 1149 1536 hoc
1169 1506 1234 1537 est
1251 1493 1382 1537 factio
1402 1511 1506 1553 pau—

85 1578 256 1606 corum:
292 1575 334 1605 et
367 1563 629 1620 democratia,
665 1563 749 1606 hoc
792 1577 856 1606 est
891 1566 1046 1621 populi
1078 1567 1216 1608 totius
1250 1567 1507 1623 imperium,

85 1633 204 1692 quod
238 1635 280 1676 in
317 1633 558 1677 seditiones
592 1651 684 1678 non
721 1651 818 1678 raro
853 1635 1104 1691 degenerat.
1136 1664 1186 1668 —
1222 1639 1398 1680 Docent
1421 1638 1503 1681 hoc

85 1707 304 1764 principes
338 1706 730 1764 philosophorum,
765 1708 890 1750 Plato
926 1709 970 1750 in
1016 1709 1189 1752 politic.
1238 1722 1280 1752 et
1334 1711 1504 1753 Aristo-

84 1777 190 1820 teles
225 1777 312 1836 (3),
346 1793 427 1820 nec
461 1779 555 1820 sine
589 1793 751 1835 magna
801 1780 971 1820 ratione
1019 1778 1059 1821 id
1093 1779 1268 1823 docent.
1318 1781 1435 1824 Nam
1468 1783 1504 1825 si

85 1851 329 1894 multitudo
359 1849 647 1908 gubernanda
680 1863 759 1907 est,
795 1850 891 1893 sieri
917 1867 1006 1893 non
1034 1865 1195 1909 potest,
1219 1854 1329 1910 quin
1354 1853 1503 1912 aliquo

85 1923 220 1966 modo
254 1938 305 1966 ex
338 1922 479 1975 tribus
513 1921 801 1979 gubernetur:
829 1934 904 1964 aut
932 1924 1051 1965 enim
1078 1940 1193 1966 unus
1218 1923 1504 1982 praeficietur

85 1992 365 2051 reipublicae,
398 2005 473 2036 aut
506 1994 641 2051 aliqui
675 1993 727 2035 de
762 1994 931 2050 multis,
976 2006 1051 2036 aut
1086 1996 1274 2037 omnino
1330 2011 1501 2040 omnes.

85 2062 129 2106 Si
163 2079 294 2120 unus,
328 2063 587 2106 monarchia
622 2065 717 2106 erit:
751 2064 786 2105 si
820 2063 955 2121 aliqui
989 2063 1040 2107 de
1075 2064 1243 2122 multis,
1270 2067 1502 2110 aristocra-

85 2136 156 2179 tia:
192 2137 228 2179 si
261 2151 418 2179 omnes
453 2136 656 2193 omnino,
692 2135 974 2179 democratia.
1012 2162 1063 2168 —-
1100 2138 1390 2197 Quamquam
1426 2154 1502 2183 au-

153 2333 209 2380 (1)
237 2333 328 2370 Vide
356 2345 472 2381 super.
500 2346 580 2381 pag.
608 2344 662 2370 21.
690 2346 789 2371 num.
824 2345 898 2379 114.
928 2334 1041 2372 schol.

153 2395 210 2441 (2)
237 2396 292 2430 De
320 2396 428 2431 Rom.
458 2396 564 2432 Pont.
591 2397 712 2431 statim
751 2397 792 2431 ab
819 2397 895 2433 init.
922 2416 964 2423 -—
994 2397 1049 2433 (js,
1078 2408 1102 2432 s.
1133 2395 1327 2443 Thomam,
1359 2407 1388 2436 1.
1417 2407 1446 2436 2.
1468 2409 1501 2448 q.

131 2467 195 2490 .a⁴
247 2479 255 2490 .

83 2465 122 2502 95
153 2465 378 2562 (3)4P01itic.
405 2516 464 2552 111.
494 2528 534 2567 je
563 2517 676 2554 Ethic.
704 2516 798 2554 vm.
831 2529 880 2554 10.
