1705 2787
184 173 448 216 ‹·‹›11stit.110mii
472 172 656 214 militiam
679 179 709 213 et
733 169 969 228 disciplinae
984 168 1168 226 publicae
1187 168 1409 212 ministros.-
1430 165 1510 225 2.⁰)
1526 167 1598 210 tri-

184 253 275 287 bula
309 253 339 286 cl
372 242 583 298 >vectigalia
625 241 830 297 exigendi.

274 313 436 368 Quoad
476 319 540 356 1.¹¹¹
576 314 794 370 principes
830 312 977 356 civiles
1013 310 1174 355 debent
1207 323 1303 354 tum
1337 324 1597 368 praecavere

184 400 225 430 et
260 385 488 444 impedire,
523 401 576 427 ne
601 383 710 427 ordo
744 383 916 426 socialis
952 382 1237 439 perturbetur
1271 383 1361 425 sive
1385 380 1436 424 ab
1462 381 1598 431 hosti-

187 458 266 501 bus
301 458 506 512 externis,
541 457 630 498 sive
665 454 716 497 ab
741 456 930 497 inimicis
953 455 1154 511 internis,
1178 466 1274 496 tum
1299 452 1598 510 redintegrare

184 542 224 572 et
259 530 490 572 restituere
524 527 728 570 ordinem
763 527 971 569 socialem
1020 525 1072 568 ab
1106 525 1190 568 illis
1238 526 1328 568 sive
1378 523 1596 580 hostibus,

182 602 271 643 sive
306 600 497 642 inimicis
530 598 761 641 violatum.
797 598 934 655 Atqui
968 597 1020 640 ad
1055 597 1158 639 haec
1193 595 1283 639 duo
1322 595 1597 653 praestanda,

183 687 294 728 opus
329 671 389 712 eis
424 682 489 712 est
522 682 620 712 tum
653 669 808 712 militia
849 681 1002 711 contra
1046 668 1195 710 hostes
1246 680 1466 723 externos,
1500 679 1597 711 tum

181 734 435 800 disciplinae
470 741 668 799 publicae
703 742 918 784 ministris
953 753 1105 784 contra
1140 741 1346 783 inimicos
1381 741 1596 783 internos.

182 816 299 870 Ergo
334 813 498 856 habent
523 815 590 857 ius
615 812 697 856 sibi
722 811 1008 869 comparandi
1042 812 1251 855 militiam
1276 824 1317 854 et
1341 811 1597 868 disciplinae

180 883 379 941 publicae
403 884 648 926 ministros.

270 956 388 998 Haec
423 956 584 998 iuverit
632 954 871 998 advertere.
909 981 960 986 ——
1002 955 1080 1012 15³)
1115 955 1211 997 Hoc
1255 955 1323 997 ius
1373 955 1514 997 oritur
1549 969 1600 998 ex

182 1030 456 1085 necessitate,
495 1030 540 1071 in
574 1044 660 1086 qua
704 1030 906 1086 princeps
954 1041 1167 1083 versatur,
1216 1026 1483 1085 procurandi
1516 1025 1599 1070 sibi

182 1098 325 1142 media
359 1111 455 1142 tum
490 1098 542 1141 ad
574 1098 876 1155 impediendas
912 1099 1079 1141 ordinis
1104 1098 1278 1140 socialis
1302 1096 1598 1155 perturbatio-

182 1185 274 1225 neS,
299 1182 395 1225 tum
419 1168 471 1212 ad
496 1168 891 1226 redintegrandum
916 1168 1120 1212 ordinem
1139 1168 1348 1210 socialem
1367 1168 1598 1223 violatum,

184 1252 280 1282 tum
314 1240 560 1295 generatim
595 1238 646 1281 ad
681 1239 1035 1295 promovendam
1078 1238 1300 1296 publicam
1335 1238 1599 1296 prosperita-

182 1324 272 1353 tem
305 1310 554 1354 secundum
588 1309 725 1354 finem
744 1326 891 1354 suum.
917 1312 1034 1367 Ergo
1060 1327 1151 1353 non
1177 1311 1274 1368 plus
1309 1322 1441 1368 patet,
1465 1324 1599 1366 quam

182 1382 401 1439 praedicta
435 1394 578 1439 pateat
612 1383 848 1424 necessitas
882 1398 957 1425 seu
996 1382 1176 1425 utilitas.
1213 1409 1266 1413 -—
1301 1382 1381 1440 2.⁰)
1416 1381 1532 1423 Hinc
1565 1380 1601 1421 si

183 1451 294 1495 adsit
328 1451 550 1495 sufficiens
601 1468 815 1495 numerus
866 1453 1063 1495 militum
1112 1452 1490 1507 voluntariorum,
1525 1450 1601 1508 qui
1658 1469 1661 1474 ·

182 1523 330 1567 idonei
364 1525 467 1579 sint,
501 1538 695 1580 aequum
730 1536 808 1579 est,
843 1536 891 1566 ut
915 1523 1053 1566 civilis
1078 1536 1272 1580 potestas
1297 1524 1524 1565 neminem
1549 1520 1601 1564 ad

182 1595 386 1638 militiam
420 1608 560 1652 cogat.
587 1595 631 1638 Si
649 1611 753 1638 vero
779 1610 869 1637 non
895 1594 1020 1651 adsit,
1041 1607 1145 1638 tunc
1170 1607 1316 1652 potest
1340 1595 1529 1651 exigere,
1553 1604 1602 1639 ut.

182 1679 328 1709 certus
353 1667 581 1710 sociorum
606 1682 823 1709 numerus
849 1681 1015 1708 nomen
1040 1666 1225 1710 militiae
1250 1666 1321 1709 det
1340 1665 1392 1708 ad
1410 1678 1600 1722 tempu&

185 1738 347 1782 Modus
383 1751 532 1781 autem
557 1738 771 1796 seligendi
806 1739 969 1781 milites
994 1751 1120 1795 aptus
1156 1751 1235 1790 est,
1274 1740 1309 1781 si
1331 1753 1407 1795 per
1433 1749 1601 1780 sortem

184 1809 538 1854 determinentur
572 1809 658 1868 (1).
693 1810 858 1852 Milites
893 1825 1028 1866 porro
1063 1811 1124 1852 sic
1158 1809 1329 1865 delecti,
1357 1818 1431 1866 per
1465 1823 1505 1851 se
1544 1807 1600 1852 Io-

181 1882 349 1939 quendo,
384 1894 614 1939 nequeunt
650 1882 832 1924 militiae
867 1897 911 1923 se
945 1897 990 1923 se
1014 1880 1288 1935 subtrahere,
1313 1896 1456 1938 neque
1479 1879 1600 1923 illam

181 1966 280 1996 ante
314 1952 659 1995 determinatum
695 1966 871 2010 tempus
907 1952 1266 2011 deserere.——3.⁰)
1287 1951 1425 2005 Quod
1444 1952 1602 1995 attinet

181 2024 232 2066 ad
267 2039 451 2080 magnos
487 2025 703 2067 exercitus
739 2037 1066 2081 permanentes,
1100 2039 1210 2081 quos
1246 2024 1411 2066 nostris
1446 2021 1600 2065 diebus

181 2091 412 2148 habemuS,
437 2093 518 2135 hoc
544 2107 608 2135 est
632 2093 813 2150 quidem
836 2093 1021 2149 malum,
1045 2092 1120 2136 sed
1144 2094 1458 2141 necessarium,
1482 2089 1601 2148 quod

182 2160 276 2204 tolli
312 2177 402 2204 non
436 2175 584 2219 posset
609 2164 692 2205 nisi
716 2179 791 2220 per
817 2178 1108 2205 communem
1133 2164 1339 2205 omnium
1364 2162 1601 2204 nationum

186 2247 471 2275 consensum.

254 2391 304 2435 (1)
334 2392 601 2438 Exemptiones,
630 2396 657 2427 si
686 2406 809 2430 rex-era
837 2395 924 2431 fiant
951 2397 996 2431 ob
1024 2397 1160 2431 bonum
1188 2398 1296 2432 totius
1316 2397 1508 2440 societatis,
1528 2406 1602 2431 non

181 2458 263 2483 sunt
281 2449 444 2484 iniustae:
466 2452 552 2492 imo,
574 2452 601 2486 si
624 2453 759 2487 bonum
777 2456 959 2490 societatis
982 2455 1017 2489 id
1039 2457 1168 2500 exigat,
1190 2456 1370 2500 exemptio
1391 2455 1465 2489 fieri
1485 2455 1601 2489 debet.
