1705 2787
799 87 1057 142 „336-

216 194 475 247 submissio,
511 195 553 235 in
590 194 640 235 iis
676 192 873 250 quidem,
899 209 1010 250 quae
1035 193 1207 236 divinae
1231 205 1303 235 aut
1330 193 1517 235 naturali
1553 192 1637 249 legi

216 282 305 309 non
342 278 607 322 repugnent.

733 495 884 523 THESIS
919 495 1113 523 Lxxxvu.

228 611 314 666 Qui
346 612 390 654 vi
422 620 454 653 et
488 610 575 654 dolo
609 612 651 653 in
686 619 897 668 supremae
927 611 1128 667 potestatis
1156 611 1457 667 possessionem
1491 610 1638 652 iniuste

339 683 510 738 devenit,
545 697 667 739 neque
702 697 789 725 eum
822 681 906 724 vult
940 681 1002 739 (ut
1036 681 1211 740 deberet)
1261 681 1432 737 legitimo
1459 682 1641 738 principi

338 754 563 805 resumere,-
599 754 631 797 is
669 753 745 812 1.⁰)
779 768 827 795 ne
860 754 958 794 novi
1006 754 1193 794 criminis
1228 768 1268 795 se
1316 767 1431 795 reum
1482 752 1635 809 efficiat,

331 824 447 881 ferre
481 824 588 866 debet
621 823 722 880 leges
766 823 819 866 ad
846 832 988 880 pacem
1028 824 1287 880 ordinemque
1325 823 1513 866 socialem
1545 838 1638 866 con-

338 894 540 946 ducentes,
578 896 705 951 iisque
739 893 891 950 legibus
925 894 1003 951 2⁰)
1038 893 1176 936 debent
1200 895 1306 936 cives
1331 908 1371 936 se
1395 893 1638 936 submittere.

337 967 385 1008 Et
418 967 605 1024 qztumvis
642 966 722 1024 3·⁰)
758 980 980 1022 numquam
1008 966 1168 1021 possint
1201 966 1307 1007 cives
1352 966 1484 1021 ipsam
1518 979 1639 1006 usur—

328 1039 508 1095 pationis
543 1039 788 1080 iniustitiam
821 1037 965 1079 directe
999 1036 1224 1093 approbare
1257 1044 1326 1078 alit
1348 1050 1631 1092 recognoscere

339 1118 406 1152 alit
440 1109 639 1161 stabilire;
673 1118 805 1152 tamen
839 1109 923 1166 4.⁰)
958 1123 1003 1150 etz
1030 1117 1226 1165 processu
1259 1109 1448 1165 temporis
1481 1109 1636 1150 contin-

339 1196 430 1237 gere
457 1189 631 1238 possunt
664 1195 804 1223 rerum
838 1179 1046 1231 adiuncta,
1085 1181 1125 1222 in
1160 1179 1304 1237 quibus
1339 1194 1428 1220 eum
1461 1186 1499 1220 ut
1516 1179 1638 1236 prin—

339 1253 463 1308 cipem
497 1253 675 1308 accipere
709 1250 821 1293 liceat
855 1259 885 1292 et
921 1251 1113 1293 revereri.

311 1407 409 1437 212.
444 1395 806 1438 PRAENOTIONES.
842 1395 997 1447 Quum
1036 1394 1087 1437 de
1121 1403 1363 1452 usurpatore
1386 1410 1535 1438 sermo
1559 1407 1638 1451 est,

222 1464 381 1508 debent
416 1464 505 1508 duo
540 1465 755 1522 distingui
789 1479 1005 1523 tempora.
1041 1493 1092 1497 -
1128 1467 1330 1509 Primum
1357 1478 1534 1523 tempus
1559 1478 1638 1521 est,

220 1536 399 1594 quando
425 1549 662 1594 usurpator
682 1538 726 1579 in
745 1552 980 1595 supremae
1003 1539 1279 1581 auctoritatis
1305 1539 1636 1595 possessionem

219 1607 422 1650 nondum
457 1609 670 1664 pervenit,
705 1608 779 1652 sed
813 1611 854 1652 vi
890 1609 1004 1652 illata
1041 1610 1198 1652 nititur
1233 1609 1486 1666 legitimum
1513 1609 1632 1666 prin-

219 1679 361 1735 cipem
410 1694 617 1735 suprema
659 1681 922 1722 auctoritate
970 1681 1173 1736 spoliare,
1224 1679 1515 1737 eamdemque
1548 1678 1632 1721 sibi

221 1765 447 1806 usurpare.
482 1750 613 1793 Tunc
649 1764 837 1808 possunt
861 1767 907 1793 ac
933 1751 1093 1794 debent
1117 1751 1283 1794 subditi
1308 1762 1637 1808 usurpatorem,

220 1821 261 1863 vi
281 1821 413 1863 etiam
437 1820 647 1878 adhibita,
667 1822 890 1879 repellere,
911 1838 957 1864 ac
977 1838 1110 1865 suum
1126 1823 1371 1880 principem
1385 1821 1637 1877 legitimum

221 1907 300 1948 pro
334 1891 501 1935 viribus
551 1892 785 1936 defendere
830 1906 962 1951 atque
1012 1893 1230 1947 adiuvare,
1276 1908 1330 1935 ne
1379 1906 1637 1949 supremam

221 1966 547 2020 auctoritatem,
582 1980 715 2022 quam
750 1966 845 2007 iure
880 1964 1090 2022 possidet,
1124 1965 1311 2006 amittat.
1347 1990 1398 1994 —
1433 1963 1637 2005 Alterum

220 2046 399 2091 tempus
435 2048 514 2090 est,
539 2035 719 2093 quando
743 2048 982 2093 usurpator
1007 2037 1093 2078 iam
1118 2035 1362 2092 principem
1386 2034 1637 2090 legitimum

219 2120 427 2161 suprema
477 2119 696 2163 potestate
739 2107 961 2163 spoliavit,
1006 2119 1047 2149 et
1096 2107 1141 2148 in
1191 2106 1404 2147 iniustam
1439 2103 1639 2162 eiusdem

219 2177 550 2231 possessionem
585 2178 676 2234 ipse
712 2179 927 2234 pervenit,
963 2192 1150 2234 eamque
1185 2178 1271 2219 iam
1315 2175 1555 2233 tranquille
1589 2190 1637 2217 ac

220 2245 398 2302 pacifice
434 2247 644 2304 possidet.
679 2249 776 2291 Hoc
800 2248 939 2291 altero
960 2261 1161 2305 tempore
1181 2249 1384 2304 princeps
1409 2247 1636 2303 legitimus

221 2332 311 2359 non
347 2318 539 2375 amplius
575 2318 769 2375 possidet
804 2319 849 2362 de
875 2319 986 2377 facto
1020 2333 1275 2376 supremam
1311 2319 1637 2371 auctoritatem,

220 2389 301 2429 etsi
338 2388 496 2431 habeat
531 2392 593 2432 ius
630 2390 740 2432 illam
775 2391 1066 2447 recuperandi:
1103 2402 1339 2446 usurpator
1374 2401 1635 2438 autemsu—

224 2474 423 2514 premam
459 2463 768 2504 auctoritatem
804 2462 849 2503 dc
875 2462 986 2518 scuto
1011 2460 1220 2517 possidet,
1245 2461 1444 2517 quamvis
1471 2461 1532 2501 ius
1557 2474 1635 2500 non
