1705 2787
650 65 912 110 *225*

72 159 317 220 loquendo,
350 158 510 205 debere
544 177 589 205 se
611 177 656 206 se
681 162 853 220 privare
875 174 1081 219 suprema
1106 157 1369 204 auctoritate
1393 156 1491 217 (ne-

72 249 160 292 que
194 244 285 276 tam
318 232 569 291 loquuntur
603 233 655 278 de
680 250 763 278 usu
789 249 865 277 seu
899 234 1110 276 exercitio
1145 246 1379 290 supremae
1418 245 1491 273 au-

72 305 306 357 ctoritatis,
343 319 455 362 quae
480 303 689 348 radicitus
724 317 901 348 maneat
935 306 979 347 in
999 304 1339 359 communitate,
1358 317 1491 360 quam

70 375 123 420 de
157 376 263 433 ipsis
298 374 470 419 iuribus
505 377 805 420 constitutivis
855 391 1090 433 supremae
1143 373 1399 432 potestatis)
1434 374 1491 415 ita

72 458 122 490 ut
154 461 203 489 ea
237 457 434 490 transeat
458 447 503 489 in
523 462 665 490 unum
689 446 758 490 vel
792 446 942 504 plures
967 445 1187 488 homines.
1208 446 1348 488 Aiunt
1368 444 1491 486 enim

71 519 139 562 ius
174 518 374 561 naturale
417 516 520 561 dare
569 517 752 575 quidem
801 519 947 576 primo
992 530 1035 560 et
1083 516 1344 560 immediate
1380 515 1492 558 hanc

72 600 338 647 potestatem
374 589 705 644 communitati,
756 604 846 631 non
896 600 1046 631 tamen
1090 586 1293 630 absolute
1329 585 1491 643 praeci-

71 675 189 718 pere,
223 672 272 703 ut
307 660 352 702 in
387 660 714 703 communitate
733 674 909 716 semper
933 671 1125 715 maneat,
1145 659 1254 716 quin
1278 659 1371 700 imo
1395 671 1490 714 per-

72 729 255 774 suadere
289 731 582 773 contrarium.
619 756 671 761 —
710 747 729 769 ‹<
769 730 841 772 Ius
878 742 1076 785 naturae,
1111 730 1169 771 ait
1203 728 1366 771 Suarez
1405 726 1494 786 (1),

73 817 163 845 non
198 800 380 859 obligat,
415 814 463 844 ut
497 816 705 859 suprema
740 813 934 858 potestas
969 800 1037 843 vel
1072 816 1147 857 per
1171 800 1312 857 ipsam
1349 810 1491 842 totam

73 874 450 917 communitatem
484 887 659 930 semper
693 884 948 915 exerceatur
983 872 1051 914 vel
1085 872 1128 914 in
1173 872 1263 927 ipsa
1309 886 1483 928 semper

73 958 263 989 maneat:
300 947 457 1002 immo,
492 946 593 1003 quia
630 944 860 988 moraliter
910 943 1224 987 difficillimum
1268 956 1381 986 esset
1430 944 1488 986 ita

73 1017 169 1061 fieri
203 1017 341 1076 (esset
376 1018 497 1060 enim
532 1016 707 1060 infinita
742 1015 946 1059 confusio
981 1028 1021 1057 et
1058 1015 1313 1070 morositas,
1347 1016 1383 1057 si
1407 1012 1492 1056 suf-

79 1088 228 1147 fragiis
264 1090 473 1133 omnium
511 1088 627 1147 leges
663 1101 808 1131 essent
859 1086 1152 1145 condendae),
1203 1085 1300 1129 ideo
1344 1086 1493 1129 statim

143 1276 200 1319 (3)
227 1277 281 1310 De
309 1275 377 1320 leg.
406 1274 426 1308 l.
465 1275 524 1308 III.
553 1287 583 1310 c.
612 1284 644 1316 4.
673 1286 707 1308 n.
752 1285 778 1308 1.
808 1293 849 1299 —
880 1273 1036 1316 Billuurt,
1077 1274 1158 1308 loco
1197 1285 1309 1319 nuper
1348 1274 1417 1315 cit,
1446 1274 1495 1307 sie

73 1336 206 1382 pergit:
235 1335 439 1378 «Societas,
468 1347 576 1381 quam
602 1343 729 1369 natura
757 1334 973 1370 naturalisve
1002 1335 1090 1369 ratio
1118 1335 1226 1369 dictat
1246 1335 1311 1379 ipsi
1328 1346 1497 1369 necessa-

74 1395 174 1437 riam,
203 1395 261 1429 diu
288 1394 481 1429 subsistere
508 1406 582 1428 non
608 1402 741 1440 potest,
769 1394 836 1428 nisi
865 1394 983 1439 aliqua
1009 1393 1148 1438 publica
1167 1402 1345 1439 potestate
1366 1394 1497 1439 guber-

77 1464 192 1497 netur,
219 1455 316 1489 iuxta
343 1453 429 1489 illud
456 1454 642 1496 Proverb„
665 1454 722 1488 ubi
749 1466 816 1487 non
844 1458 891 1487 est
921 1454 1143 1499 gubernafor,
1178 1454 1327 1500 populus
1354 1458 1498 1488 corruet.

74 1515 125 1548 Ex
153 1525 224 1560 quo
251 1514 422 1559 sequitur,
450 1513 546 1560 quod
573 1514 685 1556 Deus,
714 1514 771 1559 qui
800 1513 898 1547 dedit
925 1513 1033 1547 talem
1062 1522 1237 1556 naturam,
1257 1512 1363 1547 simul
1383 1514 1413 1546 ei
1434 1513 1498 1547 de-

75 1573 166 1608 derit
192 1581 412 1618 potestatem
432 1573 705 1619 gubernativam
725 1582 759 1607 et
778 1572 1038 1618 legislativum:
1059 1573 1117 1618 qui
1139 1573 1235 1607 enim
1255 1573 1315 1607 dat
1333 1571 1496 1615 formam,

75 1632 135 1667 dat
162 1632 271 1667 etiam
299 1643 350 1674 ea,
379 1643 471 1677 quae
496 1632 586 1667 haec
615 1631 730 1667 forma
758 1632 964 1666 necessario
994 1632 1112 1677 exigit.
1140 1632 1288 1673 Verum,
1308 1632 1389 1677 quia
1408 1631 1497 1665 haec

75 1701 237 1738 potestas
265 1692 501 1737 gubernativa
528 1701 563 1727 et
589 1691 791 1738 legislativa
818 1703 892 1725 non
919 1700 1039 1736 potest
1068 1690 1169 1725 facile
1199 1692 1354 1725 exerceri
1383 1704 1402 1725 a
1421 1701 1497 1726 tota

75 1751 303 1786 multitudine
329 1751 492 1796 (difficile
519 1763 676 1798 namque
706 1751 806 1791 foret,
837 1763 964 1785 omnes
995 1760 1029 1785 et
1056 1750 1216 1795 singulos
1239 1751 1345 1785 simul
1363 1763 1498 1785 conve-

75 1811 150 1845 nire
178 1811 285 1846 toties
313 1811 455 1857 quoties
482 1810 745 1856 providendum
766 1819 818 1844 est
835 1811 877 1844 de
906 1810 1117 1844 necessariis
1134 1810 1229 1843 bono
1249 1810 1444 1851 communi,
1462 1819 1497 1844 et

76 1871 120 1905 de
146 1869 284 1915 legibus
313 1870 496 1915 ferendis),
523 1871 605 1905 ideo
633 1870 727 1904 solet
764 1869 954 1903 multitudo
982 1868 1172 1903 transferre
1212 1880 1317 1902 suum
1355 1869 1407 1903 ius
1435 1881 1497 1903 seu

75 1939 294 1976 potestatem
320 1930 595 1976 gubernativam
622 1929 679 1964 vel
707 1931 741 1963 in
772 1929 909 1974 aliquos
939 1929 980 1962 tle
1016 1928 1149 1974 populo
1178 1940 1220 1962 ex
1247 1929 1345 1962 omni
1373 1929 1499 1963 condi-

76 1989 185 2031 tione,
214 1997 247 2023 et
275 1989 402 2023 dicitur
428 1989 670 2029 Democratia,
699 1988 755 2022 vel
783 1989 818 2021 in
839 1999 972 2032 paucos
993 1988 1196 2032 optimate-5,
1218 1997 1251 2021 et
1271 1988 1398 2022 dicitur
1416 1988 1499 2021 Ari-

76 2048 256 2091 stocratia,
283 2047 341 2082 vel
367 2049 402 2082 in
430 2060 541 2083 unum
568 2057 719 2089 tantum,
749 2048 823 2081 sive
851 2059 914 2092 pro
944 2060 981 2081 se
1010 2046 1088 2081 solo
1117 2047 1192 2081 sive
1224 2058 1287 2092 pro
1308 2058 1498 2082 successo-

75 2108 170 2143 ribus
197 2108 272 2143 iure
299 2108 552 2151 haereditario,
574 2118 609 2143 et
626 2109 752 2142 dicitur
773 2107 993 2141 Monarchia.
1016 2108 1065 2141 lix
1084 2118 1154 2152 quo
1174 2108 1334 2152 sequitur
1351 2118 1499 2142 omnem

77 2176 295 2213 potestatem
322 2179 402 2202 esse
432 2180 451 2202 a
478 2169 569 2210 Deo,
599 2176 635 2202 ut
666 2167 750 2201 dicit
770 2167 898 2208 Apost.
919 2167 1021 2200 Rom.
1045 2177 1107 2211 13„
1127 2166 1336 2200 immediate
1354 2166 1499 2212 quidem

78 2236 111 2262 et
135 2227 214 2265 iure
242 2235 391 2262 naturae
418 2227 453 2260 in
483 2227 756 2268 communitate,
784 2226 940 2260 mediate
970 2234 1089 2259 autem
1117 2234 1257 2260 tantum
1285 2234 1318 2259 et
1345 2226 1420 2259 iure
1439 2225 1500 2259 hu-

9 2308 16 2314 ·
77 2298 185 2321 mano
211 2286 248 2320 in
273 2286 416 2333 regibus
444 2294 478 2320 et
508 2285 587 2321 aliis
616 2286 824 2327 rectoribus,
864 2286 930 2319 nisi
964 2286 1062 2319 Deus
1095 2285 1171 2330 ipse
1199 2285 1407 2319 immediate
1435 2285 1500 2320 ali-

77 2346 202 2392 quibus
230 2346 323 2381 hanc
359 2354 577 2391 potestatem
618 2345 790 2387 conferat,
832 2354 868 2379 ut
909 2344 1058 2380 contulit
1091 2345 1212 2391 Moysi
1253 2345 1289 2379 in
1326 2345 1500 2391 populum

77 2406 198 2449 Israel,
226 2415 262 2441 et
289 2405 454 2441 Christus
491 2406 643 2440 Summo
673 2405 838 2439 Pontifici
879 2406 913 2439 in
942 2413 1057 2440 totam
1097 2404 1342 2442 Ecclesiam.»
1371 2425 1414 2433 -
1444 2405 1498 2441 Cf.

78 2465 345 2509 Bellarminum,
372 2465 414 2499 de
444 2465 557 2500 Laicis
586 2464 607 2498 l.
636 2465 694 2499 HI.
723 2476 752 2498 c.
782 2465 844 2498 w.
