1705 2787
647 40 907 87 *431*

63 138 249 182 malum.
282 163 341 170 ——-
372 135 664 195 Respondeo:
700 136 876 179 Bellum
910 137 972 178 sic
1005 134 1099 191 paci
1144 134 1404 191 opponitur,
1439 143 1487 175 ut

64 212 120 254 sit
153 211 287 253 etiam
320 208 524 254 medium
557 207 609 251 ad
644 223 812 266 pacem.
847 208 944 250 Hoc
978 218 1130 249 autem
1163 207 1348 249 interest
1372 205 1486 247 inter

65 281 233 325 bellum
266 283 417 324 iustum
451 293 492 323 et
527 281 742 335 iniustum,
776 278 897 338 quod
923 278 1088 321 bellum
1112 278 1330 320 iniustum
1350 291 1487 333 oppo-

65 354 185 396 nitur
220 354 315 411 paci
349 351 492 395 bonae
525 364 567 395 et
601 352 723 395 ducit
757 351 808 394 ad
843 365 996 408 pacem
1030 349 1207 403 malam,
1231 361 1363 407 atque
1387 347 1487 391 ideo

63 425 148 467 tale
183 423 349 467 bellurn
381 424 597 466 vitiosum
632 435 720 466 est:
757 435 799 465 at
835 422 1001 473 bellum
1035 422 1207 464 iustum
1242 419 1486 477 opponitur

64 496 158 553 paci
191 495 332 538 malae
366 506 408 537 et
442 493 564 538 ducit
598 493 649 537 ad
674 509 828 550 pacem
853 492 1031 548 bonam,
1054 505 1187 550 atque
1211 490 1377 534 idcirco
1402 489 1487 533 tale

65 566 229 609 bellum
264 565 434 608 bonum
469 577 547 610 est.
583 564 726 607 Simili
760 564 896 607 modo
920 563 1104 607 vulnera
1131 563 1346 618 Chirurgi
1381 574 1486 604 sunt

64 636 284 679 contraria
319 636 497 678 sanitati
531 636 671 690 malae
706 647 746 677 et
796 633 1095 691 imperfectae,
1144 648 1278 691 quam
1326 631 1489 675 habent

64 709 250 765 aegroti,
283 706 359 750 sed
392 706 445 750 ad
480 706 645 749 bonam
670 719 710 749 et
734 705 973 763 perfectam
998 706 1234 749 sanitatem
1258 716 1488 761 tamquam

64 779 117 823 ad
151 778 289 822 finem
323 777 583 822 conducunt
616 778 704 837 (1).

154 851 345 894 Effatum
379 850 502 906 illud,
536 866 616 894 ‘non
646 860 764 908 posse
799 852 895 894 dari
928 850 1071 893 bellum
1106 865 1155 893 ex
1184 858 1351 906 utruque
1368 856 1485 906 parte

64 923 232 974 iustum,
261 921 458 978 intellige
483 921 567 964 hoc
591 934 744 979 pacto:
770 923 853 964 nisi
881 938 955 980 per
980 921 1182 965 accidens
1208 920 1264 963 ob
1289 920 1487 977 aliquam

64 993 367 1050 ignorantiam
386 992 691 1036 invincibilem
720 995 944 1051 utrimque
969 995 1139 1037 iustum
1166 1004 1362 1050 putetur.
1390 990 1486 1033 Hoc

66 1067 111 1109 in
144 1063 376 1119 militibus,
410 1063 463 1108 ad
497 1080 611 1122 quos
646 1066 691 1108 in
725 1064 861 1108 dubio
882 1066 1061 1123 proprie
1080 1079 1171 1107 non
1196 1075 1362 1121 spectat
1387 1077 1489 1105 cau-

69 1152 163 1180 sam
198 1135 397 1192 delinire,
433 1150 562 1193 saepe
596 1138 857 1193 contingere
893 1149 1038 1192 potest
1072 1135 1159 1194 (2).

153 1210 253 1251 226.
287 1207 517 1251 SCHOLION
551 1208 587 1251 I.
621 1207 780 1263 Exhis,
805 1223 916 1266 quae
941 1207 1054 1250 dicta
1080 1219 1199 1262 sunt,
1229 1206 1485 1264 colligimus

64 1296 167 1324 cum
200 1281 332 1324 Iouin
365 1278 439 1338 (3)
471 1281 738 1324 iniustitiam
778 1280 977 1337 plurium
1003 1293 1253 1335 causarum,
1280 1277 1336 1322 ob
1370 1293 1481 1337 quas

71 1350 297 1395 haudraro
334 1350 444 1394 bella
476 1351 798 1410 suscipiuntur.

186 1424 218 1466 I.
252 1424 460 1467 Nimium
480 1424 809 1467 incrementum
830 1424 1054 1481 potentiae
1089 1422 1275 1465 alicuius
1296 1420 1490 1464 nationis

69 1514 158 1543 non
184 1508 329 1555 potest
353 1511 447 1539 esse
473 1495 574 1540 belli
593 1511 722 1539 causa
756 1495 968 1552 legitima.
1005 1496 1182 1538 Etenim
1197 1507 1491 1551 unaquaeque

70 1571 192 1614 natio
225 1570 383 1615 mediis
418 1569 548 1612 licitis
575 1568 640 1610 uti
659 1578 884 1625 potest,ut
907 1567 952 1608 in
975 1565 1065 1608 dies
1091 1565 1232 1621 magis
1256 1564 1490 1621 magisque

68 1655 283 1700 augeatur
297 1655 394 1685 tum
409 1642 502 1684 eius
518 1640 804 1698 prosperitaS,
830 1652 926 1682 tum
952 1652 1169 1681 numerus
1185 1637 1366 1691 civium,
1388 1647 1490 1677 tum

69 1715 205 1757 etiam
228 1714 367 1772 ipsius
387 1712 512 1756 ditio,
532 1711 659 1755 Talia
681 1709 826 1753 media
860 1721 963 1752 sunt
998 1708 1186 1765 diligens
1211 1708 1376 1750 artium
1401 1705 1491 1748 cul·

72 1798 184 1841 tura,
204 1784 440 1843 multiplex
481 1782 823 1837 commercium,
862 1781 1007 1837 regiae
1031 1780 1213 1836 nuptiae
1248 1777 1490 1835 prudenter

71 1856 221 1911 initae,
244 1867 320 1899 aut
353 1855 564 1898 victoriae
587 1854 703 1896 iuste
729 1852 903 1894 relatae.
930 1849 1066 1904 Quod
1081 1862 1233 1893 autem
1259 1865 1346 1892 una
1370 1849 1491 1891 natio

71 1928 267 1984 legitime
302 1925 444 1970 facere
468 1937 631 1984 potest,
656 1924 790 1966 altera
826 1921 1042 1979 impedire
1082 1923 1253 1980 nequit,
1288 1922 1390 1979 quia
1416 1935 1491 1963 na-

72 2001 217 2043 tiones
252 2011 357 2042 sunt
391 1998 443 2041 ad
478 1998 670 2040 invicem
721 1994 1085 2051 independentes.
1136 1994 1382 2047 Praeterea,
1427 1994 1492 2034 in-

142 2187 200 2232 (1)
228 2186 283 2221 Cf.
314 2186 582 2228 Bellarminum,
612 2185 655 2218 de
682 2183 776 2218 Laic.
803 2184 823 2217 l.
851 2182 912 2216 ΙΙΙ.
939 2194 967 2216 ε.
999 2192 1051 2224 14.

144 2248 201 2292 (2)
228 2246 284 2282 Cf.
309 2247 506 2289 Becanum,
523 2246 567 2279 de
594 2245 712 2278 virtut.
741 2242 851 2277 theol.
881 2253 956 2287 cap.
984 2241 1097 2276 XXV.
1127 2252 1158 2286 q.
1188 2251 1231 2285 7.,
1258 2241 1316 2274 ubi
1337 2241 1409 2275 duo
1428 2249 1498 2275 sta—

73 2307 155 2341 tuit:
182 2307 206 2341 I.
235 2305 374 2341 Bellum
402 2316 448 2341 ex
474 2316 624 2351 utraque
650 2314 752 2350 parre
779 2311 898 2348 potest
926 2313 1005 2336 esse
1031 2302 1165 2336 iustum
1187 2300 1390 2346 formaliter
1420 2305 1498 2334 tcm—

76 2369 157 2399 tum.
185 2365 227 2399 ΙΙ.
255 2364 395 2399 Bellum
421 2375 496 2399 non
513 2371 633 2410 potest
654 2372 699 2396 ex
719 2371 866 2407 utraque
885 2369 984 2406 parte
1005 2371 1084 2395 esse
1101 2359 1332 2393 materialiter
1351 2359 1497 2393 iustum.

148 2426 194 2469 (3)
221 2422 302 2458 Phil
327 2434 429 2461 mor„
458 2423 501 2456 de
527 2423 602 2456 iure
629 2421 794 2455 internat.
822 2431 914 2454 vers.
944 2419 1003 2453 fin.
