1705 2787
69 154 204 204 sti‘nat
237 158 470 204 hominem
504 161 556 207 ad
589 164 726 208 vitam
760 165 983 211 socialem.
1017 164 1220 225 Insuper,
1246 166 1280 211 si
1307 164 1486 214 daretur

65 246 206 277 status
239 235 313 278 ille
348 247 532 280 naturae
568 240 881 297 extrasocialiS,
914 242 960 284 in
995 257 1047 285 eo
1081 243 1240 300 privati
1278 241 1486 287 homines

65 305 279 350 haberent
315 309 382 350 ius
416 307 681 354 defendendi
714 327 759 354 se
793 328 839 355 ac
875 311 991 356 bona
1024 330 1101 357 sua
1127 317 1487 360 contrainiustos

64 393 361 436 aggressores,
396 396 489 424 non
522 398 627 426 vero
662 385 730 427 ius
765 386 979 442 puniendi
1013 388 1192 445 impios.
1228 390 1343 442 Quis
1378 404 1484 446 ergo

64 450 149 515 tale
182 451 250 493 ius
285 450 502 498 haberet?
536 469 671 497 nemo
705 457 750 499 in
786 458 860 500 tali
892 470 1024 502 statu.
1057 460 1164 504 Inde
1203 473 1353 504 autem
1392 477 1485 505 non

66 522 318 579 concludas,
352 536 558 568 naturam
592 542 684 569 non
719 543 813 570 esse
847 531 1093 587 sapientem
1128 544 1203 575 aut
1239 532 1485 589 providam,

67 594 141 637 sed
165 596 314 651 potius
340 607 546 657 naturam
570 600 768 656 apprime
793 603 1039 658 sapientem
1074 616 1115 646 et
1137 603 1367 661 providam
1391 620 1483 648 non

68 668 295 711 ordinasse
330 668 563 713 hominem
598 670 649 714 ad
682 673 817 715 vitam
840 675 1188 719 extrasocialem.

184 741 259 783 ΠΙ.
284 740 429 783 Aliam
453 739 608 783 addam
635 742 1025 787 confirmationem
1050 746 1155 803 ipsis
1181 747 1343 790 Leonis
1367 747 1485 790 XIII.

67 813 227 867 verbis,
277 814 321 857 in
355 815 481 871 epist.
516 830 610 857 ene.
646 816 904 858 Dium-num
949 816 1049 860 illud
1082 832 1176 862 etc.:
1216 837 1235 859 ((
1263 821 1356 862 Hac
1390 836 1487 862 sen-

67 888 203 930 tentia
238 904 330 931 non
365 887 502 931 modo
536 890 697 938 verior,
733 889 807 933 sed
843 907 895 933 ne
931 891 1065 934 milior
1101 891 1278 949 quidem
1306 893 1488 950 reperiri

68 960 156 1003 ulla
192 972 351 1017 potest.
389 961 565 1003 Etenim
590 974 783 1018 potestas
811 975 1038 1006 rectorum
1066 965 1269 1019 civitatis,
1295 965 1329 1007 si
1356 980 1489 1022 quae-

69 1029 167 1073 dam
195 1043 260 1073 est
283 1030 455 1074 divinae
482 1033 711 1089 potestatis
739 1034 1105 1083 communicatio,
1131 1033 1186 1077 ob
1212 1034 1323 1078 hanc
1349 1036 1490 1093 ipsam

70 1118 247 1146 causam
283 1105 500 1146 continuo
535 1102 793 1160 adipiscitur
822 1102 1083 1160 dignitatem
1120 1105 1315 1148 humana
1350 1106 1489 1149 maio-

70 1189 187 1218 rem:
224 1190 315 1217 non
349 1174 470 1217 illam
505 1173 686 1232 quidem
722 1176 905 1233 impiam
931 1188 971 1218 et
996 1175 1328 1232 perabsurdam,
1352 1176 1491 1233 impe-

71 1246 292 1290 ratoribus
315 1246 503 1290 ethnicis
524 1247 697 1291 divinos
719 1248 913 1290 honores
929 1247 1231 1291 affectantibus
1251 1247 1491 1305 aliquando

71 1320 324 1377 expetitam,
358 1317 434 1362 sed
467 1334 617 1362 veram
642 1331 684 1361 et
708 1318 912 1375 solidam,
937 1334 1125 1376 eamque
1149 1317 1269 1361 dono
1294 1317 1491 1376 quodam

71 1404 294 1450 acceptam
330 1390 637 1449 beneficioque
672 1391 836 1435 divino.
872 1392 935 1434 Ex
970 1406 1060 1448 quo
1094 1390 1276 1434 subesse
1310 1392 1424 1434 cives
1450 1404 1491 1434 et

71 1465 190 1509 dicto
225 1463 455 1507 audientes
490 1479 584 1506 esse
609 1463 899 1521 principibus,
924 1464 989 1506 uti
1014 1464 1125 1519 Deo,
1152 1462 1376 1520 oportebit
1399 1478 1491 1507 non

72 1550 162 1581 tam
187 1552 437 1595 poenarum
471 1535 727 1592 formidine,
763 1551 899 1593 quam
933 1534 1199 1577 verecundia
1233 1535 1491 1591 maiestatis,

72 1626 217 1669 neque
252 1610 564 1652 assentationis
601 1624 746 1663 causa,
791 1606 865 1650 sed
900 1607 1170 1649 conscientia
1205 1605 1352 1649 officii.
1388 1607 1491 1659 Qua

73 1698 116 1725 rc
151 1680 282 1724 stabit
317 1681 362 1723 in
396 1695 479 1722 suo
514 1677 651 1736 gradu
689 1679 819 1735 longe
854 1676 1028 1719 firmius
1064 1677 1492 1734 collocatumimpe-

72 1756 205 1798 rium.
243 1754 420 1797 Etenim
455 1752 583 1794 istius
616 1751 707 1793 vim
743 1750 872 1793 officii
900 1750 1139 1791 sentientes
1165 1749 1294 1804 cives,
1319 1747 1492 1805 fugiant

73 1841 251 1869 necesse
277 1837 341 1868 est
365 1821 701 1881 improbitatem
726 1835 766 1865 et
792 1821 1136 1874 contumaciam,
1162 1820 1264 1877 quia
1289 1818 1371 1862 sibi
1395 1834 1491 1877 per-

41 1882 43 1884 *
72 1914 259 1943 suasum
293 1914 387 1941 esse
422 1896 565 1953 debet,
590 1897 667 1954 qui
693 1896 896 1953 politicae
922 1893 1126 1950 potestati
1154 1894 1382 1947 resistunt,
1408 1891 1489 1934 hos

72 1970 244 2014 divinae
278 1970 499 2013 voluntati
534 1969 762 2019 resistere3
798 1967 873 2023 qui
900 1965 1117 2007 honorem
1144 1976 1349 2006 recusant
1373 1964 1491 2020 prin-

12 2051 15 2054 ’
73 2041 260 2100 cipibus,
300 2041 382 2098 ipsi
418 2041 514 2083 Deo
549 2054 766 2082 recusare.
798 2055 816 2076 »

167 2116 262 2156 160.
298 2113 543 2156 §cumam-2.
595 2109 716 2163 Quid
756 2109 889 2165 igitur
928 2119 992 2148 est
1030 2105 1167 2148 civilis
1213 2106 1494 2150 auctoritas?

76 2186 180 2229 Non
218 2196 283 2226 est
317 2177 573 2240 aggregatio
610 2191 878 2238 potestatum
919 2194 993 2219 seu
1031 2177 1212 2231 iurium,
1247 2191 1358 2233 quae
1407 2176 1493 2233 pri-

75 2259 160 2302 vati
195 2255 330 2299 libere
365 2254 612 2312 deponunt,
649 2251 752 2294 dum
790 2250 1047 2292 societatem
1102 2247 1276 2290 civilem
1319 2247 1491 2304 ineunt,

78 2327 328 2384 ceduntque
372 2323 701 2368 communitati.
749 2321 920 2362 Verum
956 2331 1019 2361 est
1054 2319 1121 2360 ius
1167 2333 1242 2360 seu
1289 2316 1492 2360 collectio

79 2398 263 2452 iurium,
298 2410 408 2453 quae
442 2395 562 2438 Deus
599 2405 827 2449 tamquam
863 2403 991 2432 causa
1027 2389 1227 2445 proxima
1262 2386 1490 2431 voluntate

1383 2482 1417 2515 13
