1705 2787
778 54 1012 98 ...88-

183 161 343 219 possit:
379 159 558 216 scilicet,
599 160 658 219 Ι.)
692 172 845 204 utrum
879 160 990 204 solvi
1019 172 1149 219 queat
1182 159 1231 204 ab
1264 162 1508 219 extrinseco,
1545 160 1609 222 2.)

192 244 344 276 utrum
379 233 511 275 etiam
546 231 594 274 ab
629 232 862 275 intrinseco.

279 301 345 346 Ad
381 303 575 360 priorem
611 303 917 360 quaestionem
953 301 1072 360 quod
1107 315 1287 360 spectat,
1321 315 1494 346 certum
1528 315 1608 360 est,

191 373 520 418 matrimoniale
569 373 797 416 vinculum
826 382 945 431 posse
979 373 1184 432 abrumpi
1228 390 1249 417 a
1283 376 1379 418 Deo
1425 387 1608 418 naturae

191 457 385 494 auctore,
412 445 481 487 cui
506 444 711 487 omnium
735 446 829 487 iura
854 444 1168 502 subiiciuntur,
1192 458 1323 504 atque
1349 448 1480 490 etiam
1496 446 1606 490 solvi

191 532 319 574 posse
354 515 404 558 ab
440 515 637 558 humano
673 517 891 573 Principe,
942 518 1009 559 cui
1046 518 1166 559 Deus
1201 519 1511 561 auctoritatem
1556 517 1607 562 ad

191 587 233 632 id
268 586 517 630 faciendum
553 603 754 644 expresse
790 589 1203 644 communicaverit,
1238 590 1353 632 intra
1387 589 1485 632 illos
1511 590 1607 648 qui-

191 657 289 700 dem
326 657 504 709 limites,
538 658 653 700 intra
688 674 799 715 quos
835 659 873 701 ei
907 659 1217 701 auctoritatem
1243 660 1606 703 communicavit.

190 730 254 772 De
290 727 547 771 huiusmodi
582 741 798 785 potestate
833 730 1047 772 existente
1081 730 1125 772 in
1159 731 1255 772 Deo
1289 729 1607 787 ambigendum

189 816 279 843 non
315 812 379 842 est
413 800 499 858 (1).
536 827 588 832 —
625 800 851 858 Theologi
885 813 1033 843 autem
1069 801 1254 844 ulterius
1289 802 1523 859 inquirunt
1556 800 1607 845 de

188 872 379 915 exercitio
404 871 536 914 huius
560 872 790 929 potestatis
825 870 996 914 divinae
1019 884 1150 929 atque
1186 872 1606 915 communicationis

189 942 387 986 eiusdem
413 942 548 986 factae
571 943 701 986 alicui
734 959 961 1000 personae:
998 943 1177 999 scilicet,
1203 956 1355 986 utrum
1382 955 1423 986 et
1446 944 1492 986 in
1512 944 1607 1001 qui—

190 1015 269 1058 bus
318 1014 489 1058 casibus
534 1016 654 1058 Deus
705 1014 915 1058 dissolvat
962 1030 1112 1072 reapse
1159 1015 1515 1071 matrimonium,
1565 1027 1606 1057 et

188 1099 340 1130 utrum
362 1099 492 1144 atque
510 1103 590 1144 pro
611 1086 770 1144 quibus
792 1086 962 1129 casibus
983 1085 1379 1129 communicaverit
1393 1102 1606 1143 personae

188 1159 317 1202 alicui
352 1171 617 1216 potestatem
643 1158 912 1202 dissolvendi
946 1159 1175 1202 vinculum
1211 1158 1410 1201 maritale
1444 1158 1531 1218 (2).

278 1231 428 1273 Altera
453 1243 585 1273 restat
610 1229 913 1288 pertractanda
933 1231 1150 1288 quaestio,
1171 1242 1323 1273 utrum
1343 1231 1605 1287 coniugium

187 1296 305 1345 'solvi
340 1303 479 1359 possit
513 1302 562 1344 αἱ)
597 1304 829 1358 intrinseco,
863 1303 889 1344 i.
924 1318 960 1344 e.
995 1313 1147 1344 utrum
1186 1302 1398 1358 coniuges
1434 1302 1606 1359 possint

190 1375 373 1432 proprio
409 1373 592 1416 arbitrio
626 1390 701 1416 seu
737 1389 957 1416 consensu
993 1374 1335 1416 matrimonium
1360 1373 1498 1416 semel
1521 1374 1604 1416 ini-

188 1458 283 1489 tum
304 1445 474 1488 solvere
499 1458 539 1488 et
563 1444 825 1502 abrumpere
846 1463 853 1488 :
880 1446 1059 1501 scilicet,
1085 1458 1233 1487 utrum
1262 1446 1373 1487 ratio
1393 1444 1604 1488 naturalis

189 1517 297 1560 bene
333 1517 535 1559 consulta
570 1516 717 1573 dictet,
752 1533 774 1559 a
809 1517 998 1560 naturali
1032 1517 1125 1573 lege
1160 1516 1317 1559 factam
1367 1532 1467 1560 vere
1512 1532 1605 1559 esse

187 1587 452 1645 coniugibus
486 1589 591 1645 ipsis
626 1600 892 1644 potestatem
931 1587 1117 1630 faciendi
1142 1586 1398 1630 divortium.
1434 1613 1487 1617 —
1522 1588 1604 1629 Hic

187 1672 335 1703 autem
370 1658 595 1702 distinctio
631 1671 695 1701 est
729 1658 988 1703 adhibenda.
1024 1659 1281 1701 Divortium
1307 1659 1425 1700 enim
1450 1657 1604 1701 distin—

187 1730 338 1787 guitur
373 1728 547 1786 duplex,
582 1729 857 1786 imperscclum
892 1742 933 1772 et
959 1730 1197 1787 petfectztm.
1233 1730 1488 1771 Divortium
1522 1729 1604 1771 im-

187 1800 431 1858 perfectum
467 1802 670 1844 consistit
704 1802 747 1843 in
784 1801 1030 1857 coniugum
1066 1800 1342 1856 separatione
1375 1798 1604 1841 dumtaxat

189 1870 335 1929 quoad
366 1870 725 1927 coabitationem,
760 1871 949 1914 maritali
983 1869 1162 1913 vinculo
1197 1881 1499 1927 permanente.
1525 1870 1602 1912 Di-

231 2039 286 2083 (1)
315 2038 368 2072 Cf.
397 2038 607 2084 Tongiorgi‚
636 2039 715 2073 Eth.
745 2051 841 2073 num.
864 2049 939 2085 395.
967 2039 1037 2072 Pro
1063 2046 1139 2073 tota
1158 2039 1224 2072 hac
1245 2038 1336 2073 thesi
1359 2038 1402 2073 cf.
1423 2038 1602 2082 Palmieri‚

187 2097 230 2131 de
259 2098 412 2132 matrim.
441 2097 533 2131 thes,
560 2098 655 2132 XVI.
683 2110 781 2144 seqq.

232 2156 287 2201 (2)
315 2157 412 2190 Haec
438 2157 627 2201 praecipue
656 2157 786 2192 docent
814 2157 1005 2203 Theologi.
1034 2177 1076 2182 -—
1106 2157 1375 2190 Matrimonium
1394 2165 1509 2190 ratum
1530 2155 1604 2190 sol-

184 2215 276 2249 vitur
304 2214 500 2247 extrinsece
528 2225 589 2259 per
615 2215 878 2259 professionem
906 2215 1124 2260 religiosam,
1144 2223 1218 2248 tum
1237 2213 1326 2247 solvi
1346 2222 1465 2259 potest
1486 2223 1605 2249 aucto-

185 2273 288 2306 ritate
316 2272 469 2306 Romani
498 2272 693 2307 Pontificis.
722 2293 764 2298 ——
785 2274 1055 2307 Matrimonium
1075 2272 1283 2314 infidelium,
1306 2273 1413 2306 etiam
1434 2284 1603 2306 consum-

184 2341 332 2373 matum,
360 2331 449 2364 solvi
478 2332 675 2366 extrinsece
703 2342 821 2377 potest
849 2345 941 2375 cum,
971 2332 1081 2367 altero
1110 2332 1151 2366 ad
1179 2331 1289 2365 fidem
1308 2343 1496 2374 converso,
1516 2331 1604 2366 alter

184 2391 301 2424 renuit
329 2390 544 2431 cohabitare,
574 2399 632 2424 aut
659 2403 731 2425 non
759 2393 835 2425 sine
856 2393 981 2426 iniuria
1001 2392 1182 2425 Creatoris
1203 2399 1261 2424 aut
1282 2391 1413 2424 damno
1430 2390 1602 2435 spirituali

184 2449 310 2491 fidelis,
340 2459 414 2485 tum
441 2458 559 2496 potest
593 2451 790 2486 extrinsece
818 2450 907 2486 solvi
937 2450 1145 2487 auctoritate
1176 2449 1328 2485 Romani
1358 2449 1553 2486 Pontificis.
