1705 2787
784 56 1044 111 „245-

290 164 321 209 1.
358 162 555 208 Theoria
590 163 641 208 de
677 165 927 223 suprematia
951 163 1079 223 plebis
1113 163 1196 209 hoc
1231 163 1407 210 tandem
1445 165 1618 224 statuit,

205 252 301 279 esse
338 236 391 279 de
426 248 581 279 natura
614 238 890 280 auctoritatis
924 236 1078 292 civilis,
1112 250 1162 280 ut
1211 239 1391 281 nonnisi
1426 239 1469 281 in
1505 237 1620 282 mul-

203 306 394 350 titudine
430 306 670 363 inhaereat,
703 323 778 351 seu
816 309 993 350 unicam
1027 307 1229 365 gubernii
1264 308 1453 352 sormam
1479 309 1619 366 legiti-

205 394 323 422 mam
359 394 452 421 esse
486 377 676 421 formam
711 378 1069 424 democraticam.

325 450 403 508 1.⁰)
441 451 557 492 Haec
592 452 744 507 opinio
795 451 918 494 nullo
967 452 1172 494 innititur
1222 451 1528 495 fundamento.
1565 478 1617 485 -

203 522 378 565 Etenim
414 521 701 566 fundamenra
734 536 880 566 essent
905 524 1117 581 principia
1141 523 1226 578 illa,
1251 524 1302 567 de
1328 524 1489 582 quibus
1509 523 1617 568 dixi-

203 609 302 637 mus
337 596 534 651 saepius:
569 594 749 650 scilicet,
784 595 1042 638 naturaliter
1076 611 1232 638 omnes
1268 595 1471 639 homines
1513 608 1618 639 sunt

203 664 341 720 liberi,
377 680 536 708 omnes
568 679 673 709 sunt
707 666 909 723 aequales
944 668 1057 710 inter
1092 683 1152 723 se,
1186 683 1207 709 a
1243 669 1421 710 nemine
1456 666 1628 725 depen-²

202 734 368 778 dentes.
404 735 488 779 Sed
523 752 573 779 ex
607 737 701 779 istis
737 738 978 794 principiiS,
1029 737 1277 781 dummodo
1328 751 1447 781 recto
1481 753 1614 781 sensu

203 806 523 863 intelligantur,
557 808 741 851 assertio
776 807 846 850 illa
881 808 1007 851 nullo
1042 824 1223 866 prorsus
1249 821 1374 865 pacto
1400 811 1615 866 sequitur.

203 904 254 910 —-
290 877 464 921 Omnes
501 879 709 923 homines
742 881 998 923 naturaliter
1033 893 1136 923 sunt
1172 879 1309 936 liberi,
1345 882 1371 923 i.
1406 896 1442 923 e.
1477 879 1618 924 libero

200 949 383 1006 praediti
417 950 616 1005 arbitrio,
650 967 741 1009 quo
776 953 947 1009 possint
981 954 1140 1010 eligere
1177 952 1345 995 bonum
1371 966 1412 996 et
1437 954 1618 996 reiicere

201 1021 394 1065 malum:
432 1021 500 1064 hic
535 1035 600 1065 est
634 1036 778 1066 rectus
814 1024 928 1066 effati
978 1024 1110 1067 huius
1161 1040 1331 1067 sensus
1383 1023 1617 1077 Quidnam

198 1091 298 1136 inde
332 1094 534 1151 sequitur
568 1095 612 1137 in
646 1094 842 1138 favorem
876 1095 1073 1139 theoriae
1108 1097 1252 1139 illius?
1276 1095 1367 1139 Sub
1401 1097 1496 1153 lege
1522 1112 1616 1139 mo-

200 1164 386 1207 narchae
421 1166 554 1208 etiam
588 1165 779 1209 absoluti
830 1180 1011 1210 manent
1060 1167 1207 1210 liberi:
1244 1169 1278 1210 si
1325 1167 1408 1210 sub
1442 1183 1490 1209 ea
1524 1182 1615 1209 non

200 1249 381 1279 manent
402 1235 600 1291 liberi,ne
620 1250 849 1281 remanent
874 1238 1054 1296 quidem
1079 1238 1202 1281 liberi
1228 1237 1310 1281 sub
1336 1239 1428 1294 lege
1453 1254 1473 1280 a
1495 1252 1616 1280 com-

202 1307 419 1349 munitate
454 1307 538 1350 lata
571 1307 657 1366 (Ι).
694 1335 746 1340 --
783 1309 956 1352 Omnes
991 1308 1196 1351 homines
1232 1308 1488 1351 naturaliter
1513 1319 1617 1350 sunt

200 1378 417 1435 aequales,
450 1379 477 1421 i.
513 1395 547 1422 e.
598 1381 643 1423 in
677 1382 865 1423 essentia
914 1392 956 1422 et
1004 1381 1147 1436 specie
1197 1379 1392 1422 humana
1435 1379 1522 1437 (2).
1559 1379 1616 1421 At

200 1464 419 1506 quaenam
463 1450 619 1494 exinde
662 1451 761 1495 fluit
804 1452 1065 1495 conclusio?
1109 1453 1226 1494 Haec
1271 1449 1614 1494 tantummodo:

202 1536 293 1564 non
327 1519 485 1565 debere
519 1538 661 1566 unum
696 1523 821 1566 alteri
854 1522 1090 1578 dominari,
1125 1538 1175 1564 eo
1200 1521 1335 1565 modo
1359 1536 1448 1579 quo
1475 1521 1615 1563 homo

202 1591 459 1636 dominatur
494 1591 642 1636 bestiis
677 1593 765 1652 (3),
797 1609 909 1652 quae
943 1609 1033 1636 non
1058 1605 1163 1637 sunt
1187 1592 1385 1635 eiusdem
1410 1607 1512 1635 cum
1539 1591 1616 1633 ho-

272 1741 326 1786 (1)
351 1742 445 1777 Vide
464 1742 583 1777 locum
604 1742 820 1786 Bellarmini,
847 1743 953 1789 paulo
970 1752 1050 1778 ante
1067 1743 1214 1779 allatum
1239 1755 1318 1788 pag.
1341 1753 1416 1785 242.
1436 1762 1477 1767 —
1495 1744 1615 1783 Quem
1668 1759 1674 1771 ε

200 1801 360 1836 habitum
388 1813 450 1836 seu
477 1802 651 1836 influxum
678 1802 732 1836 lex
759 1803 888 1837 habeat
927 1803 969 1837 ad
1008 1803 1231 1837 voluntatem
1260 1812 1293 1836 et
1321 1802 1533 1841 libertatem,
1564 1801 1614 1834 di-

202 1860 317 1895 ximus
345 1861 502 1905 saepius:
532 1860 574 1894 cs.
602 1860 674 1895 vol.
704 1872 731 1895 1.
760 1873 838 1906 pag.
871 1873 956 1905 133.‚
985 1861 1053 1895 vol.
1084 1862 1140 1894 ΙΙΙ.
1169 1873 1248 1906 pag.
1277 1860 1330 1894 60.
1360 1870 1425 1895 etc.

272 1918 329 1962 (2)
356 1919 449 1953 Vide
477 1930 593 1964 super.
621 1919 692 1953 vol.
720 1920 761 1953 ΙΙ.
790 1931 870 1965 pag.
900 1930 974 1963 154.
1003 1939 1045 1945 -
1065 1919 1261 1965 Dupliciter
1279 1928 1428 1963 possunt
1449 1919 1615 1953 homines

202 1978 443 2012 considerari:
470 1979 650 2013 secundnm
674 1981 812 2025 speciem
839 1991 894 2013 seu
921 1981 1108 2021 essentiam,
1127 1989 1162 2014 et
1179 1989 1262 2013 tunc
1286 1979 1488 2012 invenimus
1510 1987 1616 2012 natu-

201 2038 312 2072 ralem
338 2039 512 2073 unitatem
539 2051 600 2073 seu
630 2040 897 2085 aequalilatem:
923 2040 1101 2074 secundnm
1131 2039 1359 2079 indit-iduum,
1389 2047 1423 2072 et
1450 2047 1532 2071 tunc
1559 2038 1615 2070 in-

200 2098 365 2131 venimus
392 2097 615 2140 diversitates,
632 2110 663 2133 e.
689 2110 725 2143 g.
753 2099 788 2132 in
815 2098 1000 2144 sapientia,
1028 2098 1158 2132 divitiis
1180 2106 1245 2131 etc.
1266 2097 1481 2131 Huiusmodi
1505 2096 1614 2129 diver·

201 2157 322 2191 sitates
338 2167 419 2192 sunt
435 2158 498 2191 sub
513 2157 582 2192 alio
603 2167 637 2192 et
656 2157 724 2192 alio
739 2167 902 2203 respectu
917 2157 1138 2193 accidentales
1154 2166 1187 2191 et
1206 2157 1388 2191 naturales.
1411 2156 1500 2190 Sunt
1521 2155 1614 2189 acci—

201 2216 372 2258 dentales,
393 2226 567 2262 quatenus
582 2229 654 2251 non
669 2219 890 2252 constituunt
904 2218 1110 2258 essentiam,
1129 2217 1190 2251 sed
1209 2216 1289 2250 huic
1305 2217 1377 2250 iam
1394 2216 1614 2249 constitutae

201 2274 384 2309 accedunt.
412 2275 502 2309 Sunt
527 2275 718 2317 naturales,
746 2284 921 2320 quatenus
947 2284 1028 2310 sunt
1055 2287 1073 2309 a
1101 2284 1225 2309 natura
1251 2275 1272 2308 i.
1301 2286 1330 2308 e.
1352 2286 1371 2308 a
1397 2275 1477 2308 Deo
1505 2281 1612 2306 natu-

201 2344 260 2367 rae
289 2343 432 2368 auctore
458 2335 641 2369 intentae:
670 2335 735 2369 etsi
763 2346 888 2380 reapse
916 2347 990 2369 non
1015 2335 1178 2376 existant,
1198 2334 1265 2368 nisi
1285 2344 1348 2379 per
1366 2333 1614 2367 immediatam

202 2392 479 2438 dependentiam
507 2405 525 2427 a
554 2393 647 2428 sacto
674 2394 847 2429 humano.

274 2454 320 2497 (3)
347 2452 440 2488 Vide
466 2452 670 2489 Bellarmini
697 2453 814 2497 verba,
842 2465 958 2499 super.
986 2453 1089 2489 allata
1116 2465 1195 2499 pag.
1223 2462 1301 2494 242.
