1705 2787
787 95 1044 142 *172*

206 192 316 236 hanc
352 205 533 237 tuentur
569 195 852 248 sententiam,
887 193 956 236 hic
989 205 1054 235 est
1088 207 1262 250 scopus:
1298 189 1488 236 familiae
1527 189 1624 236 iura

205 265 447 316 destruere,
485 280 670 322 eamque
704 264 756 307 ab
789 266 1050 307 auctoritate
1084 264 1199 308 civili
1233 279 1415 322 prorsus
1453 263 1616 321 depen-

208 336 385 380 dentem
422 336 575 378 facere.

302 422 394 462 153.
430 408 800 455 DEMONSTRARIO.
835 405 902 450 Ad
937 418 1137 449 nostram
1170 406 1437 448 sententiam
1462 404 1620 461 magiS,

206 481 241 522 si
275 494 385 536 opus
419 492 499 533 est,
533 477 837 521 declarandam
872 491 913 521 et
947 477 1315 533 confirmandam,
1364 478 1425 520 sic
1465 490 1619 534 proce-

209 551 370 593 dimus.

326 621 357 663 Ι.
392 620 574 663 Initium
625 619 829 663 ducimus
880 620 931 663 ab
976 633 1244 677 argumento
1289 620 1533 673 extrinseco,
1568 632 1618 660 ex

208 691 409 734 unanimi
442 691 693 748 sapientum
728 706 948 734 consensu
974 690 1179 734 deducto.
1216 717 1269 722 —
1302 690 1380 734 Nil
1418 689 1624 747 frequen—

208 763 295 805 tius
329 760 444 819 apud
478 763 613 818 ipsos,
648 777 781 819 quam
815 763 1072 805 societatem
1108 762 1283 805 civilem
1309 762 1556 818 concipere,
1576 772 1625 803 ut

209 832 591 890 complementum
626 831 829 888 familiae,
866 834 1081 875 unionem
1106 832 1390 888 familiarum,
1415 845 1625 889 magnam

209 903 436 960 familiam,
470 902 681 946 familiam
716 903 998 947 familiarum:
1050 904 1111 947 nil
1162 903 1454 962 frequentiuS,
1489 917 1624 961 quam

210 975 442 1031 affirmare,
477 991 574 1018 earn
608 991 702 1018 esse
725 977 982 1019 societatem
1007 977 1319 1034 compositam,
1344 990 1477 1034 quam
1502 974 1624 1018 illam

210 1061 467 1103 comparare
501 1047 678 1104 corpori
713 1047 924 1103 organico
959 1059 1000 1089 et
1033 1047 1198 1089 viventi
1218 1047 1304 1106 (1)

329 1117 381 1159 ΙΙ.
397 1118 681 1173 Argumento
702 1117 804 1159 huic
824 1118 1070 1159 extrinseco
1086 1117 1165 1159 alia
1184 1117 1387 1160 addimus
1403 1118 1623 1160 intrinseca

210 1205 261 1232 ex
294 1190 361 1245 iis,
395 1204 506 1246 quae
540 1189 626 1230 iam
662 1189 705 1230 in
742 1187 1045 1245 superioribus
1080 1188 1279 1231 thesibus
1314 1188 1521 1244 diximus,
1547 1187 1618 1230 de-

212 1260 355 1303 ducta.

328 1330 376 1388 a)
412 1328 642 1383 Quidnam
676 1331 796 1372 venit
830 1330 1012 1372 nomine
1047 1331 1238 1372 materiae
1272 1330 1494 1372 societatis
1528 1332 1621 1374 2-—

212 1401 271 1444 Ut
306 1402 392 1443 iam
427 1401 635 1456 diximus,
671 1402 852 1442 materia
887 1401 1108 1442 societatis
1143 1401 1326 1443 alicuius
1375 1412 1479 1443 sunt
1528 1399 1625 1443 illae

216 1487 445 1530 personae,
480 1488 590 1529 quae
625 1471 676 1514 ad
691 1487 786 1514 eam
807 1473 1064 1514 societatem
1090 1471 1407 1514 efformandam
1433 1487 1620 1515 concur-

213 1557 331 1587 runt.
368 1544 507 1600 Atqui
542 1542 766 1586 individua
801 1556 905 1586 sunt
939 1559 1049 1600 quae
1084 1555 1357 1585 concurrunt
1393 1542 1444 1585 ad
1493 1542 1621 1587 effor-

213 1614 394 1658 mandas
427 1613 625 1657 familias:
662 1613 850 1656 familiae
874 1626 1021 1656 autem
1047 1627 1151 1656 sunt
1170 1629 1279 1671 quae
1304 1615 1504 1670 proxime
1524 1629 1627 1657 con-

213 1688 382 1744 spirant
415 1685 466 1729 ad
501 1685 781 1729 conflandam
817 1686 1053 1728 civitatem.
1110 1686 1227 1742 Ergo
1261 1685 1486 1728 individua
1520 1698 1626 1729 sunt

213 1758 396 1800 materia
420 1758 619 1814 proxima
653 1755 854 1799 familiae:
890 1757 1008 1812 ipsae
1042 1771 1146 1798 vero
1169 1755 1359 1798 familiae
1392 1768 1497 1799 sunt
1530 1772 1623 1799 rna-

214 1829 322 1871 teria
356 1829 557 1885 proxima
592 1828 793 1870 civitatis.

332 1897 376 1956 b)
411 1896 641 1949 Quidnam
675 1898 794 1940 venit
843 1898 1026 1939 nomine
1069 1895 1233 1938 subiecti
1266 1897 1531 1942 societatis?
1572 1924 1624 1929 —-

214 1968 274 2010 Ut
308 1969 470 2024 pariter
504 1967 712 2023 diximus,
747 1966 997 2009 subiectum
1032 1967 1254 2008 societatis
1289 1966 1473 2009 alicuius
1524 1980 1628 2010 sunt

216 2039 312 2081 illae
347 2053 576 2095 personae,
611 2053 721 2095 quae
756 2039 1006 2080 auctoritati
1032 2037 1149 2079 illius
1175 2038 1396 2079 societatis
1421 2039 1628 2095 propriae

217 2108 528 2151 subiiciuntur.
564 2110 702 2165 Atqui
749 2107 974 2151 individua
1024 2106 1278 2150 immediate
1331 2107 1629 2151 subiiciuntur

216 2179 483 2233 auctoritati,
518 2193 628 2235 quae
653 2189 823 2234 praeest
857 2175 1058 2219 familiae:
1095 2175 1285 2218 familiae
1319 2191 1424 2219 vero
1474 2178 1632 2220 imme-

219 2248 333 2292 diate
367 2248 665 2291 subiiciuntur
690 2249 959 2304 auctoritati,
983 2263 1092 2305 quae
1117 2260 1288 2305 praeest
1313 2249 1491 2290 civitati.
1512 2249 1630 2306 Ergo

289 2471 344 2516 (1)
373 2470 424 2505 Cf.
456 2482 569 2516 supere
597 2482 677 2517 pag.
701 2481 750 2505 11.
772 2470 890 2506 adnot.
914 2481 943 2505 2„
964 2469 1035 2505 Csr.
1056 2470 1270 2513 Liber-atone,
1291 2470 1344 2505 ius
1364 2481 1436 2505 soc.
1458 2483 1556 2517 num.
1575 2481 1630 2516 50.
