1705 2787
669 80 928 127 *191*

91 213 96 216 .
150 174 250 221 'Ad
278 176 368 219 hoc
415 175 734 220 illustrandum
776 186 1094 233 argumentum
1141 171 1286 217 verbis
1331 183 1510 215 utemur

92 250 256 293 Leonis
290 249 396 291 XIII
427 249 473 291 in
507 248 693 306 epistola
727 248 961 305 encyclica,
985 248 1243 290 Diuturnmn
1276 244 1377 288 illud
1400 252 1514 287 teter-

91 322 320 379 rimumque
353 319 526 363 bellum:
580 337 600 360 ‹<
636 321 856 363 Homines
890 321 935 362 in
971 319 1087 363 civili
1121 319 1330 361 societate
1364 318 1511 360 vivere

92 402 250 433 natura
271 388 409 446 iubet,
433 404 511 432 seu
535 390 681 433 verius
706 402 860 432 auctor
884 402 1067 432 naturae
1092 390 1239 432 Deus:
1274 386 1393 446 quod
1417 402 1514 444 per-

93 462 244 519 spicue
277 459 588 504 demonstrant
621 472 664 502 et
686 461 878 502 maxima
901 461 1124 502 societatis
1150 458 1427 502 conciliatrix
1450 457 1514 500 lo-

91 530 258 589 quendi
289 530 471 574 facultas
506 542 548 573 et
581 531 758 572 innatae
793 531 1088 587 appetitiones
1119 530 1258 572 animi
1282 528 1512 586 perplures

91 614 135 646 et
168 618 236 645 res
269 602 540 645 necessariae
573 601 740 644 multae
774 602 1015 659 magnique
1050 601 1286 656 momenti,
1311 615 1419 658 quas
1444 614 1514 641 so-

90 675 223 718 litarii
256 675 432 732 assequi
465 674 672 716 homines
708 688 800 716 non
850 686 1055 731 possunt,
1106 674 1247 716 iuncti
1283 684 1325 714 et
1360 687 1516 714 conso-

91 747 192 789 ciati
226 761 329 789 611111
362 745 510 788 alteris
545 757 846 802 assequuntur
885 744 963 802 (en
1004 745 1201 801 primum
1226 743 1515 801 principium,

89 818 292 862 hominem
325 817 374 861 ab
408 819 498 876 ipsa
530 826 681 860 natura
714 831 797 859 esse
831 817 1065 859 ordinatum
1089 816 1142 859 ad
1166 817 1390 859 societatem
1414 815 1515 857 civi-

89 889 180 942 lem,
217 905 380 947 eamque
406 889 581 947 proinde
607 903 690 931 esse
714 890 936 931 societatem
967 888 1231 946 mumadam).
1251 888 1383 931 Nunc
1408 901 1514 929 vero

90 975 235 1019 neque
270 961 456 1003 existere
476 974 619 1017 neque
640 958 829 1015 intelligi
849 960 1035 1001 societas
1062 970 1222 1015 potest,
1242 959 1287 1000 in
1312 972 1397 1014 qua
1422 971 1514 998 non

90 1032 249 1090 aliquis
282 1043 503 1089 temperet
534 1030 819 1088 singulorum
852 1030 1120 1085 voluntates,
1156 1042 1203 1071 ut
1227 1028 1347 1071 velut
1372 1042 1513 1071 unum

90 1100 166 1145 fiat
198 1117 251 1145 ex
273 1100 491 1159 pluribus,
516 1115 675 1158 easque
701 1099 753 1142 ad
777 1115 1019 1142 commune
1045 1098 1214 1141 bonum
1241 1110 1356 1140 recte
1382 1110 1514 1155 atque

92 1173 248 1217 ordine
281 1173 481 1231 impellat
515 1172 593 1231 (en
628 1172 818 1214 alterum
857 1172 1145 1228 principium,
1180 1178 1413 1227 supremam
1439 1178 1513 1227 po-

89 1254 263 1289 lestatem
311 1247 424 1302 exigi
456 1260 482 1288 a
514 1253 665 1288 natm-a
713 1245 910 1286 societatis
961 1243 1133 1301 civilis).
1185 1242 1343 1285 Voluit
1369 1236 1513 1298 igitur

90 1318 229 1374 Deus,
263 1316 382 1375 quod
416 1318 461 1359 in
496 1316 612 1359 civili
662 1316 871 1358 socictate
920 1327 1081 1370 essent,
1117 1314 1193 1371 qui
1228 1312 1513 1355 multitudini

90 1389 375 1445 imperarent.
414 1404 433 1427 »
471 1387 525 1429 Et
558 1387 604 1428 in
638 1386 720 1428 alia
744 1384 943 1427 eiusdem
968 1385 1142 1427 Summi
1168 1382 1398 1425 Pontificis
1425 1384 1513 1439 epi—

91 1459 204 1502 stola
238 1458 474 1517 encyclica,
509 1457 740 1501 Immortale
773 1458 868 1513 Dei,
893 1456 997 1498 haec
1023 1456 1244 1512 leguntur:
1275 1472 1294 1494 ‹<
1322 1455 1513 1497 Insitum

91 1530 267 1574 homini
300 1542 458 1573 natura
491 1542 571 1586 631,
607 1541 656 1572 111
691 1529 735 1571 111
771 1528 888 1571 civili
923 1529 1133 1570 societate
1159 1528 1276 1569 vivat
1301 1541 1308 1566 :
1334 1527 1367 1567 is
1393 1526 1512 1568 enim

91 1602 392 1645 necessarium
426 1601 539 1644 vitae
575 1600 747 1643 cultum
781 1612 824 1641 et
858 1611 1077 1656 paratum,
1112 1598 1310 1654 itemque
1345 1596 1513 1653 ingenii

91 1686 223 1732 atque
248 1674 387 1716 animi
409 1672 729 1730 perfectionem
755 1686 857 1714 cum
880 1672 925 1713 in
951 1669 1190 1712 solitudine
1215 1668 1396 1725 adipisci
1421 1683 1513 1711 non

93 1745 250 1803 possit,
284 1744 516 1802 provisum
551 1742 764 1786 divinitus
804 1754 883 1797 est,
933 1753 980 1783 ut
1030 1739 1081 1782 ι111
1126 1738 1510 1794 6011111116110116111,

92 1817 578 1873 congregationemque
623 1814 863 1857 hominum
913 1824 1169 1854 nasceretur
1222 1826 1322 1853 cum
1360 1810 1514 1852 dome-

93 1889 265 1945 sticam,
298 1900 396 1930 tum
429 1888 564 1930 etiam
598 1886 788 1941 civilem,
824 1901 934 1942 quae
970 1883 1251 1941 suppeditare
1274 1884 1379 1925 vitae
1405 1882 1513 1939 suffi—

93 1962 279 2004 cientiam
308 1960 528 2018 perfectam
563 1959 652 2001 sola
690 1971 834 2016 potest
869 1956 945 2015 (en
983 1958 1178 2013 primum
1204 1955 1256 1997 de
1281 1970 1369 2012 quo
1405 1954 1513 1997 dixi-

93 2046 210 2088 mus,
245 2032 554 2090 principium).
600 2031 832 2084 Quoniam
877 2043 981 2070 vero
1017 2043 1107 2069 11011
1143 2039 1291 2084 potest
1325 2027 1512 2069 societas

92 2101 179 2145 ulla
213 2103 470 2158 consistere,
505 2103 590 2144 nisi
625 2102 659 2143 si
694 2100 852 2157 aliquis
888 2098 1098 2139 omnibus
1134 2098 1309 2154 praesit7
1345 2096 1508 2139 efficaci

93 2173 316 2232 similique
341 2189 526 2217 movens
552 2172 753 2229 singulos:
779 2170 830 2213 ad
856 2185 1097 2212 commune
1122 2170 1405 2226 propositum
1433 2170 1512 2210 im-

92 2244 314 2302 pulsione,
348 2243 551 2301 efficitur,
586 2244 701 2286 civili
732 2242 969 2283 hominum
1012 2241 1327 2282 communitati
1365 2254 1512 2281 neces-

92 2317 252 2359 sariam
286 2333 380 2359 6336
414 2317 728 2359 auctoritatem
763 2329 845 2371 qua
884 2326 1090 2369 regatur:
1127 2328 1237 2369 quae
1264 2328 1354 2353 11011
1381 2327 1510 2353 secus·

91 2402 140 2430 ac
173 2389 376 2444 societas,
410 2405 431 2431 a
467 2401 624 2431 natura
661 2398 982 2443 proptereaque
1017 2401 1037 2427 a
1075 2386 1169 2428 Deo
1204 2387 1298 2441 ipso
1343 2385 1511 2428 oriatur

89 2468 271 2501 ‘auctore
305 2458 382 2517 (en
417 2459 604 2502 alterum
642 2457 948 2515 principium).
986 2457 1046 2497 ljx
1082 2472 1170 2513 quo
1215 2455 1320 2498 illud
1348 2469 1511 2497 101136,
