1705 2787
753 85 803 90 —-
841 68 925 101 220
960 82 1010 89 —-

174 169 317 226 aptior
352 180 393 210 et
427 166 764 210 convenientior
798 165 930 207 alicui
963 164 1165 206 societati
1188 163 1306 206 civili
1327 164 1373 206 in
1397 162 1591 221 particu-

173 241 268 296 lari,
301 236 629 282 desumendum
648 249 713 280 est
738 237 877 294 primo
903 252 954 279 ex
978 236 1256 292 legitimitate
1280 236 1594 293 possessioni8‚

174 312 232 353 ita
266 324 314 353 ut
348 310 420 352 illa
454 307 596 350 forma
631 306 851 350 censenda
895 309 950 350 sit
975 307 1132 350 melior
1156 307 1218 349 illi
1241 307 1456 363 societati,
1481 321 1596 364 quae

173 397 252 439 pro
287 382 357 424 illa
391 381 601 423 societate
638 391 702 421 est
736 378 948 435 legitima.
985 379 1162 422 Etenim
1205 377 1494 421 solummodo
1527 378 1593 420 ius

172 466 318 510 potest
366 451 600 494 efficaciter
647 450 897 494 secundum
946 463 1130 493 naturae
1173 449 1377 493 ordinem
1412 464 1593 493 movere

172 524 449 566 voluntatem
483 523 664 578 civium,
689 534 730 565 et
754 522 1122 580 tranquillitatem
1146 522 1190 564 in
1215 522 1472 564 societatem
1501 535 1598 577 pro-

173 596 370 651 gignere.

260 667 351 709 Hac
375 666 657 723 legitimitate
677 666 923 722 supposita,
947 679 1167 722 quaenam
1193 664 1423 721 regiminis
1449 661 1595 706 forma

173 739 228 780 sit
261 739 404 795 aptior
439 737 571 780 alicui
604 738 820 793 societati,
846 736 930 779 hoc
961 735 1299 779 diiudicandum
1333 747 1397 778 est
1421 735 1596 778 secundo

174 825 225 852 ex
248 809 564 852 conformitate
599 824 702 851 cum
727 808 927 865 historia,
948 807 1278 863 traditionibus,
1304 805 1594 850 consuetudi·

175 881 321 939 nibus,
356 881 520 939 indole,
554 881 744 938 cultura,
779 880 982 923 moribus
1026 880 1145 923 illius
1180 881 1404 923 societatis
1439 879 1595 936 civilis,

175 954 226 997 de
250 969 334 1012 qua
359 955 404 996 in
429 953 684 1011 particulari
702 954 863 1009 agitur.
886 970 905 992 «
922 951 1143 1008 Absurda,
1163 952 1221 994 ait
1242 949 1592 1010 Liberatore(1),

175 1039 287 1069 esset
312 1025 588 1084 hypothesis,
614 1040 700 1083 qua
724 1026 845 1067 natio
880 1025 1128 1066 americana
1167 1023 1348 1065 Statuam
1380 1024 1595 1066 Unitormn

176 1096 258 1140 sub
307 1096 565 1140 monarchia
601 1097 890 1153 concipiatur.
927 1095 1098 1138 Contra
1141 1094 1247 1136 aliae
1287 1107 1393 1136 sunt
1426 1105 1595 1150 gentes,

176 1168 338 1228 quibus
373 1170 574 1227 regimen
598 1168 811 1226 populare
834 1169 984 1210 minus
1009 1166 1390 1222 accommodatur,
1415 1178 1594 1224 propter

178 1241 376 1284 nimium
401 1240 656 1298 phantasiae
691 1251 881 1294 aestum,
917 1239 1125 1280 novitatis
1160 1236 1376 1293 studium,
1400 1237 1595 1295 loquaci-

176 1325 327 1368 tatem,
361 1311 667 1368 invidentiam,
703 1312 902 1368 aliosque
936 1309 1156 1363 defectus3
1191 1311 1233 1352 vi
1256 1324 1456 1367 quorum
1479 1308 1596 1366 apud

176 1400 250 1427 eos
269 1383 538 1427 democratia
563 1399 654 1426 non
680 1382 1050 1440 tranquillitatem
1074 1394 1115 1424 et
1140 1381 1361 1438 ordinem,
1386 1380 1461 1423 sed
1495 1396 1596 1423 con—

175 1455 415 1510 fusionem,
450 1454 715 1509 tumultum,
750 1452 895 1496 studia
945 1454 1155 1509 partium,
1199 1450 1400 1494 medium
1446 1453 1595 1508 oppri-

176 1525 326 1569 mendi
350 1526 473 1581 alios,
495 1526 540 1567 in
565 1540 740 1567 summa
765 1540 913 1567 veram
950 1522 1232 1580 tyrannidem
1268 1524 1544 1580 importaret.
1573 1541 1592 1562 n

267 1596 547 1640 Concludam
582 1611 685 1639 cum
719 1596 874 1638 Tullio
909 1594 997 1653 (1),
1032 1596 1122 1652 qui,
1157 1595 1429 1637 enumeratis
1463 1595 1595 1637 variis

177 1670 407 1727 regiminis
441 1667 613 1724 formis,
647 1668 735 1710 ait:
773 1685 793 1707 «
820 1668 961 1724 Regio
995 1679 1145 1709 autem
1169 1667 1253 1723 ipsi
1276 1665 1514 1723 praestabit
1537 1666 1595 1723 id,

178 1740 298 1798 quod
332 1741 415 1782 erit
451 1751 692 1797 aequatum
726 1751 768 1781 et
801 1750 1100 1795 temperatum
1134 1736 1279 1780 tribus
1314 1738 1494 1794 optimis
1530 1753 1595 1780 re-

177 1809 562 1868 rumpublicarum
606 1808 767 1853 modis.
818 1809 963 1851 Placet
1012 1809 1132 1851 enim
1176 1822 1271 1849 esse
1305 1806 1515 1865 quiddam
1550 1809 1595 1851 in

179 1881 403 1938 republica
451 1893 677 1938 praestans
727 1893 769 1923 et
818 1880 990 1936 regale:
1041 1894 1135 1921 esse
1177 1877 1296 1921 aliud
1330 1880 1595 1921 auctoritate

179 1954 437 2010 principum
471 1965 647 2009 partum
681 1967 728 1994 ac
764 1950 1010 1994 tributum:
1047 1965 1141 1992 esse
1165 1948 1377 2007 quasdam
1403 1964 1470 1992 res
1505 1965 1595 1993 ser-

178 2037 300 2067 vatas
334 2023 499 2067 iudicio
533 2023 845 2081 voluntatique
877 2021 1195 2066 multitudinis,
1218 2039 1238 2062 ))

249 2229 305 2275 (1)
332 2229 389 2264 Ius
417 2241 490 2265 soc.
518 2241 614 2265 num.
642 2229 699 2275 65.

250 2290 306 2335 (2)
333 2291 388 2324 De
414 2290 563 2335 Republ.
590 2291 614 2325 I.
643 2291 738 2337 Lege
769 2302 809 2325 ea
837 2301 926 2336 quae
964 2287 1183 2335 praecedunt
1223 2296 1257 2323 et
1285 2300 1326 2322 ea
1353 2297 1443 2333 quae
1472 2285 1597 2323 subse-

178 2359 341 2396 quuntur.
370 2350 461 2385 Sunt
487 2351 583 2384 enim
611 2351 705 2385 dicta
731 2351 983 2396 pulcherrima,
1010 2358 1047 2385 ut
1075 2360 1104 2383 e.
1132 2360 1164 2394 g.
1191 2347 1299 2382 illud:
1329 2360 1344 2379 α
1375 2348 1468 2382 Cum
1500 2348 1596 2382 enirn

179 2421 241 2454 par
267 2409 417 2443 habetur
442 2409 560 2442 honos
590 2410 750 2452 summis,
779 2418 813 2443 et
840 2409 983 2451 infimis,
1012 2409 1070 2454 qui
1099 2409 1169 2443 sint
1195 2409 1230 2442 in
1258 2408 1357 2441 omni
1375 2406 1510 2452 populo
1529 2418 1594 2440 ne—

180 2480 280 2506 cesse
310 2479 370 2511 est,
398 2469 475 2514 ipsa
503 2469 661 2513 aequitas
690 2468 914 2515 iniquissima
939 2468 989 2502 fit.
1013 2483 1030 2501 n
