1705 2787
142 184 265 212 reum
299 183 319 210 21
355 167 539 210 crimine
574 166 790 222 iterando,
824 166 899 209 sed
933 168 1065 210 etiam
1100 167 1206 210 alios
1241 181 1263 209 a
1297 181 1431 224 pravo
1455 167 1548 210 eius

141 240 342 297 exemplo
376 237 592 282 imitando
626 253 672 280 ac
706 239 841 281 simili
884 238 1044 281 delicto
1093 237 1403 295 perpetrando.
1438 239 1554 282 Hinc

141 312 404 367 intelligitur
439 309 595 352 divisio
630 324 877 366 poenarum
913 311 956 352 in
991 311 1240 367 expiatorias
1265 325 1340 352 seu
1365 309 1557 353 vindica-

141 384 265 437 rivas,
301 381 555 424 medicinales
592 393 632 422 et
665 380 940 438 exemplares:
990 397 1132 438 poena
1166 393 1230 424 est
1279 396 1452 438 semper
1487 396 1556 423 ex—

143 455 343 511 piatoria,
380 453 454 495 sed
491 470 510 493 «
540 468 630 495 non
664 467 838 509 semper
873 465 937 495 est
985 452 1258 499 medicinalis
1293 454 1331 495 ei
1365 454 1441 511 qui
1475 469 1555 510 pu-

145 527 279 579 nitur,
314 523 387 566 sed
422 523 570 566 solum
604 523 697 565 aliis
732 522 865 581 (1).»

232 596 314 652 4.(’)
350 595 564 650 QuaereS,
599 594 828 651 quomodo
862 610 938 652 per
973 610 1160 653 poenam
1186 595 1286 639 finis
1311 595 1397 652 ille,
1421 610 1554 653 quem

146 666 424 711 essentialem
459 677 499 707 et
533 666 795 722 primarium
830 681 923 707 esse
957 665 1164 723 diximus,
1189 666 1476 711 obtineatur?
1500 668 1558 710 A-

147 741 265 796 gitur
299 737 350 780 de
385 736 759 794 redintegratione
810 737 993 795 ordinis,
1041 755 1132 782 non
1182 738 1362 797 quidem
1388 739 1558 797 physica

147 811 315 869 (neque
348 811 467 852 enim
502 808 613 851 effici
647 822 792 866 potest
827 822 874 852 ut
907 809 1071 853 factum
1106 810 1180 853 fiat
1204 810 1458 868 infectum),
1484 809 1559 853 sed

149 881 309 925 morali-
343 882 461 923 Haec
495 893 643 924 autem
683 881 913 939 quomodo
956 898 1032 939 per
1066 898 1256 940 poenam
1291 883 1380 939 fiat,
1415 896 1560 941 potest

149 954 278 996 variis
314 951 458 996 modis
493 952 715 996 declarari.
756 980 808 984 —
842 954 890 1012 ει)
925 954 1046 996 Sicut
1081 955 1249 997 crimen
1284 967 1348 997 est
1374 955 1561 1011 practica

150 1025 454 1082 proclamatio,
489 1039 617 1081 posse
651 1024 883 1066 hominem
919 1037 960 1066 et
994 1024 1202 1081 prodesse
1251 1024 1424 1067 homini
1459 1023 1560 1067 obe-

151 1096 363 1141 dientiam
396 1097 492 1139 Deo
527 1097 710 1153 eiusque
735 1097 950 1138 ministris
976 1096 1223 1139 custodiam
1249 1095 1416 1139 ordinis
1440 1110 1562 1153 prae-

152 1166 416 1225 cipientibus
451 1166 692 1224 denegare,
727 1168 785 1209 ita
819 1183 959 1224 poena
994 1181 1058 1210 est
1091 1169 1280 1225 practica
1312 1167 1563 1221 affirmatio,

153 1238 309 1283 debere
344 1238 576 1281 hominem
609 1239 705 1281 Deo
740 1239 925 1296 eiusque
959 1240 1174 1282 ministris
1209 1256 1254 1282 se
1287 1239 1564 1291 submittere,

154 1311 416 1368 hominique
451 1325 610 1352 nocere
654 1311 690 1352 si
724 1308 915 1353 debitam
951 1310 1062 1353 hanc
1110 1309 1459 1354 submissionem
1491 1325 1565 1352 ne-

154 1395 227 1440 get
260 1381 346 1440 (2)
382 1408 435 1413 —-
468 1383 514 1440 β)
548 1383 659 1425 Item
694 1382 832 1425 homo
866 1395 1041 1425 tantum
1091 1398 1166 1439 per
1200 1397 1390 1439 poenam
1424 1381 1566 1438 depri-

155 1455 305 1508 mitur,
340 1466 559 1511 quantum
594 1470 670 1511 per
714 1454 889 1510 culpam
923 1469 967 1495 se
1002 1453 1157 1495 extulit
1191 1465 1345 1495 contra
1393 1450 1568 1495 ordina-

156 1526 326 1568 tionem
361 1540 406 1567 ac
441 1525 598 1582 legem.
625 1526 727 1578 Qua
745 1527 789 1567 in
810 1541 854 1567 re
873 1524 1203 1583 perpendantur
1222 1523 1441 1581 praeclara
1464 1523 1569 1565 haec

157 1612 190 1639 3.
225 1596 430 1639 Thomae
463 1596 594 1640 verba
628 1596 714 1655 (3):
751 1614 772 1638 s(
807 1598 924 1639 (jum
958 1608 1189 1654 peccatum
1213 1596 1269 1638 sit
1293 1607 1414 1638 actus
1449 1595 1568 1637 inor-

159 1747 321 1789 obtineri‚
349 1758 421 1780 non
449 1747 580 1781 idcirco
608 1758 725 1792 poena
753 1747 882 1781 desinit
910 1758 987 1781 esse
1014 1746 1185 1792 legitima,
1225 1746 1330 1780 Ratio
1359 1743 1571 1786 essentialis,

162 1807 206 1840 ob
235 1818 342 1851 quam
368 1818 485 1851 poena
511 1807 716 1848 imponitur,
746 1816 798 1841 est
825 1807 1002 1842 restitutio
1030 1806 1163 1840 ordinis
1192 1817 1253 1850 per
1280 1805 1415 1838 crimen
1435 1802 1570 1838 violati.

232 1869 277 1904 (Ι)
305 1867 356 1901 Ita
383 1878 409 1900 s.
441 1867 614 1906 Thomas,
643 1867 678 1900 in
708 1878 735 1901 1.
764 1877 792 1900 2.
821 1878 852 1911 q.
881 1867 934 1911 87.
964 1878 992 1899 a.
1023 1877 1050 1910 3.
1079 1885 1120 1890 —
1151 1864 1205 1899 Cf.
1238 1875 1329 1909 quae
1357 1864 1399 1897 de
1419 1863 1473 1897 liis
1500 1863 1569 1896 iam

161 1924 312 1959 diximus
339 1927 374 1959 in
400 1925 471 1960 vol.
499 1926 534 1967 1.,
563 1927 699 1960 aientes
727 1926 770 1959 de
799 1926 984 1960 sanctione
1011 1923 1100 1969 legis
1128 1922 1309 1964 naturalis,
1337 1933 1416 1968 pag.
1448 1919 1526 1966 365.

235 1984 286 2027 (2)
315 1985 412 2019 Haec
441 1985 630 2019 affirmatio
659 1997 721 2019 seu
749 1984 995 2030 proclamatio,
1024 1984 1144 2017 statim
1171 1995 1209 2016 ac
1236 1982 1363 2016 notitia
1383 1980 1576 2026 perpetrati

164 2041 310 2076 alicuius
338 2044 494 2078 criminis
535 2045 723 2089 spargitur,
763 2044 803 2078 ab
843 2043 1008 2077 omnibus
1050 2041 1258 2075 naturaliter
1297 2048 1502 2085 expectatur
1541 2046 1575 2072 et

170 2102 371 2146 exquiritur.
400 2102 490 2136 Hinc
518 2103 695 2137 Bentliam
722 2104 797 2147 ipse
824 2102 963 2143 fatetur,
992 2110 1080 2135 tom.
1112 2111 1142 2134 1.
1171 2111 1203 2145 p.
1240 2110 1342 2144 172.:
1374 2111 1388 2129 u
1416 2099 1463 2131 Le
1500 2108 1578 2142 spe-

165 2159 276 2194 ctacle
304 2161 385 2194 d'un
413 2161 575 2195 criminel
600 2162 777 2206 jouissant
805 2174 847 2195 en
874 2161 954 2206 paix
981 2160 1043 2193 des
1072 2158 1171 2193 fruits
1200 2159 1242 2192 de
1262 2170 1329 2192 son
1355 2158 1464 2191 crime
1486 2165 1577 2190 est...

165 2229 233 2252 une
260 2219 389 2253 insulte
417 2220 583 2264 publique
611 2223 629 2255 a
657 2220 689 2254 la
716 2221 854 2265 justice,
883 2222 901 2254 ἐι
927 2219 960 2253 la
987 2217 1135 2252 morale.
1162 2232 1177 2249 υ

237 2277 292 2322 (3)
319 2279 358 2312 In
381 2290 410 2312 1.
430 2289 461 2312 2.
488 2290 520 2324 q.
548 2279 602 2323 87.
631 2292 662 2313 a.
692 2290 720 2313 1.
748 2299 789 2304 —
819 2278 931 2313 Paulo
961 2277 1062 2312 aliter
1089 2288 1164 2310 rem
1191 2276 1336 2321 exponit
1356 2273 1576 2320 Tongfflrgi,

167 2336 236 2371 eth.
264 2349 361 2371 num.
387 2336 489 2381 496:
520 2350 535 2367 α
563 2338 709 2372 Crimen
737 2338 912 2383 triplicem
939 2337 1102 2371 ordinem
1128 2335 1248 2370 laedit:
1280 2334 1325 2369 1.'⁷¹
1353 2334 1505 2368 ordinem
1523 2333 1577 2366 in-

167 2396 376 2429 dividualem
403 2397 439 2431 in
464 2397 541 2441 ipso
569 2396 808 2442 delinquente,
837 2397 934 2430 cuius
961 2394 1127 2428 voluntas
1156 2392 1286 2428 sensile
1312 2393 1448 2426 bonum
1480 2392 1576 2425 bono

168 2455 313 2493 rationis
341 2454 761 2499 praesert:2.*⁷'01‘1i'1'nem
800 2455 959 2490 socialem
999 2457 1183 2494 externum
1224 2463 1307 2486 nam
1350 2451 1484 2484 crimen
1524 2457 1577 2483 est
