1705 2787
781 81 1038 135 -346—

209 207 297 234 non
319 189 493 239 sufficit,
519 187 637 245 quod
662 186 827 243 singuli
852 186 1039 228 seorsim
1066 185 1180 226 cives
1199 183 1358 240 gratias
1379 193 1509 239 agant
1529 183 1621 239 regi

209 264 285 309 illi,
320 260 392 303 sed
429 270 619 316 oportet,
655 269 702 299 ut
738 270 834 299 actu
871 254 1019 297 sociali
1055 266 1146 295 tota
1171 253 1356 294 societas
1382 253 1419 294 ei
1442 264 1619 308 gratum

209 334 408 374 animum
430 328 645 371 exhibeat.
667 328 830 370 Nonne
856 327 990 382 igitur
1016 323 1131 367 idem
1158 322 1406 365 faciendum
1432 335 1497 365 est
1521 337 1622 379 erga

210 405 372 456 Deum,
425 416 447 442 a
485 413 575 456 quo
624 397 762 439 civilis
814 397 998 438 societas
1049 406 1115 437 tot
1163 406 1373 451 tantaque
1412 392 1622 436 beneficia

212 473 394 529 recipit?

302 544 380 601 3·⁰)
413 541 489 584 me
524 537 652 580 debet
687 536 831 578 colere
865 536 1028 590 Deum,
1063 535 1138 591 qui
1163 535 1300 591 ipsius
1324 532 1488 575 auxilio
1512 531 1624 575 indi-

213 628 299 674 get.
334 614 472 671 Atqui
507 626 598 654 non
633 609 782 651 solum
815 607 981 663 singuli
1028 606 1247 662 homines,
1281 604 1355 648 sed
1390 605 1523 647 etiam
1555 619 1626 646 so-

212 688 358 741 cietas,
393 699 478 742 qua
512 681 625 736 talis,
656 679 825 736 indiget
855 678 1019 721 auxilio
1049 690 1181 735 atque
1216 677 1494 733 protectione
1528 676 1625 719 Dei.

215 759 332 814 Ergo
366 756 565 808 societas,
601 768 685 810 qua
706 752 818 807 talis,
839 750 966 794 debet
986 750 1130 793 colere
1150 751 1310 792 Deum.
1335 775 1387 779 —
1408 748 1467 791 Ut
1486 749 1530 790 in
1555 762 1626 790 eo-

217 828 317 872 dem
355 828 561 870 sistamus
597 823 816 881 exemplo,
850 823 885 865 si
920 838 1004 880 qua
1038 823 1223 864 societas
1250 820 1362 863 bello
1386 821 1627 877 impetatur

219 914 260 943 et
294 898 458 942 auxilio
493 896 689 953 indigeat
722 895 856 938 vicini
890 894 1075 937 alicuius
1110 895 1254 950 regis;
1304 906 1417 935 anne
1451 889 1629 946 sufficit,

220 970 338 1030 quod
374 985 395 1011 e
429 966 598 1011 civibus
633 964 814 1024 quidam
849 966 1037 1007 seorsim
1071 977 1113 1007 et
1147 965 1327 1022 proprio
1353 974 1528 1006 tantum
1551 975 1630 1004 no-

220 1044 342 1086 mine
397 1055 529 1098 opem
573 1038 624 1081 ab
670 1039 765 1095 ipso
800 1037 1111 1094 expostulent?
1149 1037 1312 1079 Nonne
1347 1045 1539 1092 oportet,
1583 1044 1631 1074 ut

221 1115 372 1158 civitas
408 1114 498 1170 ipsa
523 1110 739 1153 auxilium
764 1109 945 1166 flagitet,
971 1126 1008 1151 v.
1033 1125 1073 1164 g.
1100 1106 1318 1150 mittendo
1349 1107 1531 1162 legatos,
1555 1105 1630 1162 qui

227 1185 411 1229 nomine
445 1182 583 1225 totius
619 1180 958 1223 communitatis
982 1194 1113 1236 opem
1138 1179 1406 1235 implorent?
1430 1178 1529 1220 Pari
1553 1177 1632 1233 igi—

221 1272 292 1301 tur
326 1254 463 1298 modo
498 1255 647 1296 civitas
682 1251 810 1295 debet
843 1267 887 1293 se
920 1266 1072 1307 gerere
1096 1267 1194 1307 erga
1221 1252 1383 1305 Deum,
1408 1250 1533 1292 cuius
1557 1264 1632 1291 au-

223 1330 325 1373 xilio
361 1340 402 1370 et
435 1326 572 1369 tutela
605 1336 835 1381 tantopere
871 1322 1051 1379 indiget.

313 1398 395 1456 4⁰)
429 1395 553 1439 Adde
586 1394 705 1438 aliud
740 1395 992 1451 argumenti
1027 1408 1167 1449 genus
1204 1409 1254 1434 ex
1293 1407 1344 1434 eo
1379 1390 1633 1445 deductum,

223 1469 342 1529 quod
376 1469 519 1511 cultus
554 1465 757 1524 publicus
794 1478 834 1507 et
868 1465 1040 1507 socialis
1061 1476 1292 1506 conservat
1326 1475 1367 1506 et
1400 1474 1635 1520 promovet

222 1542 413 1584 maxime
448 1539 620 1582 cultum
644 1539 882 1595 privatum,
902 1538 977 1594 qui
995 1537 1181 1578 omnino
1207 1536 1479 1578 necessarius
1495 1546 1631 1577 est.—

223 1612 354 1655 Certe
373 1609 424 1653 ad
448 1611 543 1666 pios
563 1623 664 1665 erga
687 1607 963 1651 divinitatem
988 1623 1144 1649 sensus
1164 1622 1210 1648 ac
1230 1618 1378 1649 motus
1403 1606 1448 1648 in
1470 1606 1636 1649 civium

224 1683 382 1725 animis
398 1678 651 1723 excitandos
667 1691 708 1721 et
734 1677 964 1734 fovendos,
985 1677 1093 1719 nihil
1114 1678 1253 1734 magis
1274 1678 1392 1719 iuvat
1406 1678 1636 1733 magisque
1689 1667 1693 1671 .

225 1752 411 1806 confert,
436 1766 570 1809 quam
606 1750 752 1792 cultus
778 1750 850 1791 ille
876 1749 1078 1806 publicus
1105 1761 1145 1791 et
1170 1748 1397 1790 solemnis.
1423 1773 1475 1778 -—
1501 1746 1638 1800 Quod

225 1836 371 1866 autem
410 1824 566 1880 privati
604 1834 719 1864 recte
745 1822 938 1863 sentiant
958 1819 1009 1862 de
1032 1822 1144 1875 Deo,
1168 1831 1300 1876 atque
1325 1818 1518 1861 debitam
1541 1819 1637 1861 Deo

227 1895 520 1938 reverentiam
555 1893 805 1948 exhibeant,
840 1905 905 1934 est
924 1891 1087 1949 aliquid
1113 1892 1300 1933 omnino
1325 1890 1637 1932 necessarium:

228 1980 371 2022 neque
405 1965 552 2006 solum
587 1976 653 2006 est
690 1964 989 2006 necessarium
1023 1977 1103 2018 pro
1137 1962 1331 2018 privatiS,
1379 1959 1454 2002 sed
1507 1961 1640 2003 etiam

226 2050 306 2092 pro
341 2036 433 2091 ipsa
468 2034 709 2091 republica,
736 2049 816 2090 pro
836 2034 930 2075 eius
954 2033 1119 2074 scilicet
1142 2022 1434 2089 prosperitate
1452 2045 1499 2072 ac
1523 2044 1640 2087 pace.

226 2106 294 2149 Ad
328 2106 440 2148 hanc
468 2107 587 2148 enim
621 2104 868 2148 habendam
903 2106 1090 2147 omnino
1114 2104 1371 2160 requiritur,
1395 2101 1516 2159 quod
1529 2102 1643 2144 cives

226 2189 268 2219 et
303 2189 587 2219 revereantur
632 2177 852 2233 principes
887 2189 928 2218 et
962 2190 1120 2218 eorum
1153 2175 1284 2217 iussis
1319 2172 1641 2230 obtemperent.

228 2249 286 2290 At
320 2260 533 2290 neutrum
560 2260 608 2290 ut
635 2264 710 2305 par
735 2259 800 2290 est
824 2247 938 2290 cives
964 2245 1264 2304 praestabunt,
1284 2246 1319 2287 si
1337 2246 1500 2299 Deum,
1518 2244 1643 2286 cuius

229 2321 451 2377 principes
486 2320 634 2363 civiles
673 2332 782 2363 sunt
826 2320 1036 2373 ministri,
1084 2334 1176 2360 non
1229 2317 1390 2372 colant,
1423 2317 1460 2358 si
1501 2316 1644 2372 legem

232 2392 329 2446 Dei,
364 2393 409 2433 in
444 2407 528 2448 qua
564 2393 682 2448 leges
719 2392 956 2433 hominum
997 2389 1240 2432 fundantur
1280 2400 1321 2430 et
1365 2404 1387 2430 a
1430 2402 1514 2444 qua
1553 2387 1644 2428 vim

234 2460 460 2517 obligandi
480 2461 974 2517 habent‚c0ntemnant.
989 2461 1080 2504 Iam
1102 2460 1220 2503 enim
1235 2471 1340 2502 tunc
1359 2456 1409 2500 ad
1424 2457 1644 2516 principes
