1705 2787
619 54 880 98 -359-

41 149 350 206 permiserant,
384 162 431 189 ac
455 145 687 204 prohibuit
712 161 767 189 ne
790 145 888 203 quis
914 143 1237 187 contradiceret
1260 144 1328 200 iis,
1348 158 1460 201 quae

42 221 275 264 Romanus
309 217 514 261 Pontifex
533 217 713 260 doceret
737 231 831 259 esse
856 214 1086 258 credenda.
1113 216 1228 258 Huic
1253 230 1357 257 sane
1393 230 1463 257 ex-

42 291 190 348 emplo
215 289 377 334 debent
401 290 623 348 principes
649 306 693 333 se
718 288 1000 332 conformare
1028 287 1314 331 «secundum
1339 286 1461 345 quod

43 361 254 421 possibile
277 360 409 405 fuerit
442 360 529 420 (1).
570 377 592 403 »
627 363 704 405 Est
738 361 858 403 enim
893 359 1092 403 habenda
1126 361 1238 403 ratio
1277 360 1465 402 circum-

43 434 327 489 stantiarum,
351 433 396 475 in
421 432 586 490 quibus
623 434 824 488 societas,
849 432 919 475 cui
954 433 1158 490 princeps
1194 444 1378 489 praeest,
1402 446 1467 474 re-

45 506 229 563 peritur.
265 505 310 547 Si
342 519 416 547 eae
450 505 539 547 sint
575 504 812 560 eiusmodi,
849 516 896 547 ut
930 503 1038 547 illud
1064 504 1275 561 praestari
1298 514 1465 559 vetent,

45 578 210 634 poterit
244 591 292 618 ea
330 575 543 618 tolerantia
576 588 720 618 certos
757 576 870 618 intra
906 576 1069 618 limites
1105 574 1320 631 adhiberi,
1354 589 1465 632 quae

46 664 137 692 non
173 664 271 691 raro
305 649 350 691 in
389 648 482 690 aliis
517 648 658 690 etiam,
697 646 1007 705 permittendis
1056 645 1296 689 malefactis
1347 644 1468 689 adhi-

46 720 187 763 betur.
233 718 316 762 Sed
351 719 429 762 hac
465 718 516 762 de
552 734 596 761 re
631 719 675 761 in
710 719 859 774 altera,
908 733 1019 776 quae
1071 718 1286 775 sequitur,
1341 729 1464 774 parte

48 792 261 836 dicemus.

137 878 235 908 202.
271 865 631 908 DEMONSTRATIO
650 878 866 907 ALTERms
892 877 1058 907 PARTIS.
1084 863 1187 906 Duo
1212 873 1471 904 asseruntur

48 937 93 979 in
129 936 206 978 hac
240 937 375 979 altera
409 948 545 993 parte,
581 962 633 966 -
668 935 716 994 α)
752 934 1001 977 libertatem
1037 934 1184 976 cultus
1230 930 1471 990 aliquando

48 1008 229 1051 tolerari
262 1022 406 1065 posse,
441 1033 494 1038 —
529 1007 575 1066 β)
611 1007 740 1049 certis
776 1019 926 1049 tamen
952 1005 1170 1049 limitibus
1195 1004 1353 1048 debere
1377 1018 1471 1046 esse

49 1084 330 1123 coarctatam.

169 1152 217 1210 α)
251 1151 319 1194 Ad
347 1152 531 1210 primum
567 1151 687 1209 quod
722 1164 902 1210 spectat,
938 1151 1050 1194 clare
1086 1150 1127 1193 id
1163 1150 1388 1207 colligitur
1423 1165 1474 1191 ex

51 1224 253 1268 doctrina
286 1239 319 1266 s.
355 1223 561 1266 Thomae
596 1224 684 1283 (2),
719 1225 846 1267 cuius
883 1239 936 1266 en
970 1222 1124 1266 verba:
1154 1240 1173 1262 α
1211 1223 1475 1264 Humanum

54 1296 253 1352 regimen
289 1294 513 1337 derivatur
547 1310 569 1337 a
604 1294 755 1337 divino
807 1295 1040 1351 regimine,
1075 1306 1116 1336 et
1152 1295 1300 1350 ipsum
1348 1291 1476 1335 debet

53 1367 231 1408 imitari.
266 1367 388 1408 Deus
424 1378 590 1421 autem,
615 1367 818 1423 quamvis
844 1367 899 1408 sit
925 1366 1213 1422 omnipotens
1239 1376 1280 1406 et
1300 1376 1476 1406 summe

56 1435 217 1489 bonus,
255 1438 473 1493 permittit
507 1449 656 1479 tamen
691 1437 835 1494 aliqua
887 1437 999 1479 mala
1036 1436 1129 1479 fieri
1164 1437 1207 1478 ln
1252 1436 1476 1490 universo,

58 1525 169 1567 quae
203 1508 441 1566 prohibere
486 1522 654 1566 posset,
692 1525 745 1552 ne
796 1510 856 1551 eis
907 1508 1091 1551 sublatis
1142 1508 1309 1550 maiora
1362 1505 1476 1548 bona

56 1581 336 1634 tollerentur,
356 1580 423 1623 vel
442 1581 575 1622 etiam
595 1582 745 1637 peiora
765 1580 878 1622 mala
898 1592 1206 1637 sequerentur.
1228 1578 1297 1621 Sic
1317 1593 1422 1634 ergo
1437 1588 1479 1619 et

55 1653 100 1695 in
127 1653 343 1709 regimine
369 1652 568 1695 humano
593 1652 670 1708 illi,
697 1653 772 1709 qui
797 1665 1022 1709 pratesunt,
1051 1663 1167 1694 recte
1192 1650 1339 1707 aliqua
1364 1648 1479 1691 mala

56 1724 262 1780 tolerant,
297 1740 351 1766 ne
386 1724 534 1782 aliqua
570 1723 686 1766 bona
720 1723 1036 1781 impediantur,
1071 1722 1139 1765 vel
1164 1722 1297 1764 etiam
1322 1736 1376 1763 ne
1400 1721 1476 1763 ali·-

59 1812 146 1854 qua
179 1796 292 1839 mala
317 1797 465 1853 peiora
491 1797 803 1849 incurrantur3
824 1797 938 1838 sicut
961 1795 1243 1851 Augustinus
1267 1791 1371 1835 dicit
1395 1791 1482 1850 (3),

60 1868 192 1926 Aufer
227 1869 454 1910 meretrices
489 1867 534 1909 de
568 1867 688 1910 rebus
722 1867 931 1918 hmamnis,
969 1866 1200 1908 turbaveris
1236 1865 1373 1905 omnia
1397 1862 1486 1904 libi-

61 1937 239 1980 dinibus.
276 1938 345 1979 Sic
382 1953 504 1994 ergo,
540 1938 743 1995 quamvis
778 1936 978 1978 infideles
1014 1937 1057 1977 in
1084 1936 1174 1977 suis
1201 1933 1359 1976 ritibus
1388 1948 1486 1989 pec-

61 2021 176 2064 cent,
212 2008 391 2051 tolerari
426 2020 630 2065 possunt,
666 2008 731 2049 vel
757 2020 937 2063 propter
962 2005 1142 2063 aliquod
1171 2004 1339 2047 bonum
1365 2003 1486 2061 quod

63 2096 114 2123 ex
147 2081 208 2122 cis
233 2081 454 2137 provenit,
474 2081 542 2123 vel
561 2093 742 2138 propter
762 2078 942 2136 aliquod
968 2078 1136 2120 malum
1162 2077 1282 2134 quod
1306 2077 1484 2120 vitatur.

137 2272 187 2309 (Ι)
215 2265 331 2298 &trba
360 2274 436 2298 sunt
468 2278 492 2298 s.
522 2265 700 2303 'l‘lwmsltg
730 2267 771 2298 dc
802 2267 924 2302 regim.
954 2265 1066 2297 l'rinc.
1097 2264 1117 2297 l.
1151 2275 1175 2296 1.
1204 2275 1232 2296 c.
1268 2274 1318 2303 ις.

141 2334 191 2367 42)
219 2326 258 2358 ln
289 2336 316 2358 2.
348 2336 378 2359 2.
407 2337 438 2369 q.
475 2337 525 2358 Η».
556 2338 585 2359 11.
610 2337 657 2359 Η.
688 2326 834 2369 lnqulrit
862 2326 893 2357 ll]
923 2324 990 2357 ltoc
1035 2322 1195 2364 articulo,
1238 2332 1352 2356 utrum
1400 2323 1486 2356 ritus

69 2385 266 2418 infidelium
296 2385 363 2418 §.int
391 2384 577 2419 tolerandi.

140 2444 195 2488 (3)
225 2445 264 2477 In
292 2444 312 2477 l.
341 2454 370 2477 2.
399 2445 441 2478 dc
469 2444 557 2478 Ord.
587 2456 613 2478 c.
653 2456 673 2485 ι.
