1705 2787
225 161 290 204 De
321 159 400 203 hac
431 159 629 204 Hobbesii
660 160 833 214 theoria,
867 176 994 218 quam
1015 163 1258 204 summatim
1282 162 1566 219 exposuimus,

137 232 238 275 haec
268 247 398 289 pauca
427 231 552 290 (quae
584 233 697 275 enim
730 233 772 274 iu
813 231 968 276 duabus
1009 232 1346 289 praecedentibus
1383 232 1569 276 thesibus

138 305 331 358 diximus,
363 305 448 346 iam
482 319 575 346 eam
606 305 701 346 satis
733 303 943 362 refellunt)
975 303 1356 347 animadvertimus.

352 390 387 418 1.
421 374 589 417 Falsum
621 387 681 417 est
713 388 903 418 naturam
936 375 1120 418 hominis
1152 391 1239 418 esse
1273 377 1449 418 omnino
1481 391 1570 432 pra-

139 463 234 490 vam
276 459 316 490 et
357 445 599 503 simpliciter
641 458 894 503 corruptam.
931 471 983 477 *—
1017 448 1088 489 Est
1131 448 1245 489 enim
1288 446 1339 490 ad
1371 447 1569 489 socialem

137 520 267 561 vitam
308 532 536 575 propensa:
571 529 631 559 est
674 516 724 560 ad
767 533 972 569 amorem,
1012 516 1356 570 misericordiam,
1391 517 1571 574 aliasque

136 591 311 633 virtutes
343 588 553 645 disposita.
586 589 761 631 Utinam
792 590 906 646 sequi
939 602 1106 632 naturae
1139 589 1310 632 ductum
1337 588 1566 632 vellemus!

138 660 320 704 Morales
360 675 541 717 namque
584 660 768 712 virtutes,
812 672 855 701 ut
898 660 978 702 alio
1012 660 1106 703 loco
1144 659 1214 719 (Ι)
1248 660 1442 713 diximus,
1476 673 1569 702 sunt

138 734 180 775 in
221 730 342 775 nobis
384 748 407 774 a
447 743 605 784 natura,
648 732 681 773 si
723 747 811 773 non
858 731 1085 775 secundum
1127 732 1427 790 perfectionem,
1462 743 1570 774 certe

137 802 365 846 secundum
398 802 660 861 aptitudinem
693 814 733 845 et
762 803 1059 846 inchoationem.
1094 804 1253 847 Natura
1285 803 1450 856 scilicet,
1498 819 1569 846 seu

138 875 285 918 melius
315 875 430 917 Deus
461 886 629 917 naturae
662 887 805 917 auctor
838 874 950 918 dedit
982 874 1102 917 nobis
1134 876 1325 933 igniculos
1357 887 1478 932 atque
1510 876 1568 917 in—

138 946 241 991 didit
271 948 426 989 semina
457 945 714 989 diversarum
746 947 947 989 virtutum
978 946 1058 1005 (2).
1092 947 1185 990 Nos
1227 959 1341 989 recto
1380 963 1454 988 usu
1486 962 1568 989 me-

137 1018 318 1070 diorum,
352 1033 457 1074 quae
490 1018 656 1073 copiose
678 1028 821 1059 natura
843 1017 1087 1074 suppeditat,
1112 1016 1308 1061 debemus
1332 1033 1404 1060 eos
1426 1017 1567 1060 fovere

137 1088 357 1146 igniculOS,
401 1100 445 1131 ut
490 1089 533 1130 in
573 1087 790 1131 flammam
833 1102 1063 1145 erumpant,
1098 1105 1145 1131 ea
1176 1089 1364 1132 excolere
1396 1091 1567 1142 semina,

138 1173 183 1203 ut
223 1162 266 1203 in
307 1160 491 1218 plantam
523 1159 782 1204 adolescant:
825 1162 979 1203 erimus
1011 1173 1107 1203 tunc
1140 1160 1239 1204 boni
1272 1176 1318 1203 ac
1349 1160 1568 1204 virtutibus

136 1244 402 1289 praestantes,
425 1232 548 1289 idque
570 1244 735 1274 nostrae
756 1233 908 1275 merito
928 1232 1149 1275 industriae
1172 1233 1384 1289 nostrique
1402 1231 1567 1275 laboris.

137 1305 194 1346 At
226 1316 370 1347 contra
401 1305 435 1347 si
467 1317 627 1347 rectum
660 1303 778 1347 illum
810 1304 1049 1348 mediorum
1082 1320 1204 1346 usum
1245 1303 1567 1361 neglexerimus,

136 1376 165 1418 ii
197 1377 504 1433 restinguentur
534 1374 719 1432 igniculi,
745 1391 791 1417 ea
813 1376 971 1417 semina
1003 1376 1257 1417 morientur:
1292 1376 1443 1417 erimus
1470 1386 1567 1416 tunc

137 1447 254 1504 pravi
273 1459 315 1490 et
337 1447 489 1501 vitiosi,
512 1461 600 1489 non
621 1458 762 1489 tamen
783 1459 940 1500 natura,
964 1446 1035 1490 sed
1053 1459 1194 1489 nostra
1212 1447 1327 1504 culpa
1344 1459 1568 1504 nostraque

137 1519 308 1562 malitia.

348 1603 387 1633 2.
412 1589 528 1641 Quid
551 1590 601 1634 de
623 1590 880 1648 passionibus
903 1591 1165 1634 sentiendum
1188 1592 1250 1643 sit,
1275 1603 1415 1633 utrum
1432 1590 1568 1633 bonae

136 1662 218 1704 sint
249 1677 301 1703 an
322 1660 467 1714 malae,
502 1661 682 1705 diximus
715 1662 796 1704 alio
830 1662 925 1704 loco
946 1661 1027 1719 (ς).
1052 1663 1195 1704 Animi
1218 1674 1358 1705 motus
1380 1678 1450 1705 seu
1481 1678 1567 1719 pas-

137 1734 285 1787 siones,
319 1734 352 1775 si
381 1733 595 1776 secundum
627 1748 665 1776 se
698 1733 1020 1783 considerentur,
1047 1734 1199 1792 physice
1232 1733 1402 1790 quidem
1434 1732 1566 1776 bonae

136 1817 244 1859 sunt,
277 1805 392 1848 ethice
423 1820 524 1847 vero
558 1821 634 1848 nec
655 1805 787 1849 bonae
809 1822 884 1848 nec
908 1806 1060 1848 malae:
1084 1818 1178 1847 suut
1200 1818 1340 1848 autem
1363 1805 1567 1847 moraliter

136 1876 272 1920 bonae
305 1876 371 1920 vel
402 1876 548 1931 malae,
581 1879 616 1920 si
646 1890 880 1935 spectentur
911 1877 1126 1920 secundnm
1150 1877 1250 1934 quod
1272 1877 1473 1920 sublaceat
1498 1879 1566 1919 im-

128 1950 242 2007 perio
273 1949 443 1991 rationis
475 1956 509 1991 et
541 1949 770 1992 voluntatis.
796 1975 848 1979 —
872 1950 975 1992 Non
1007 1950 1229 2004 passiones,
1254 1948 1324 1992 sed
1357 1949 1568 2005 passiones

135 2019 351 2062 indomitae
383 2030 424 2062 et
456 2018 646 2077 effraenes
672 2032 765 2061 sunt
797 2020 1021 2062 necessaria
1044 2035 1163 2061 causa
1184 2020 1318 2062 exitii:
1352 2035 1402 2062 eo
1431 2032 1566 2076 pacto,

137 2106 222 2147 quo
255 2106 342 2133 non
373 2092 483 2149 equi,
510 2091 581 2135 sed
603 2093 697 2149 equi
721 2092 912 2136 indomiti
944 2103 985 2133 et
1007 2089 1203 2133 effraenes
1224 2103 1319 2133 sunt
1342 2092 1568 2133 necessaria

209 2222 265 2267 (1)
293 2221 348 2256 Cf.
376 2233 489 2267 super.
517 2221 588 2255 vol.
615 2223 640 2255 Ι.
668 2222 757 2255 thes.
786 2221 878 2254 LVI.
906 2220 1017 2254 schol.

208 2281 264 2326 (2)
300 2280 354 2316 Cf.
390 2293 502 2327 super.
539 2281 609 2315 vol.
638 2282 679 2315 ΙΙ.
707 2281 795 2314 thes.
823 2280 886 2313 IX.
912 2291 989 2325 pag.
1024 2290 1097 2324 113.
1133 2299 1175 2305 —
1214 2280 1393 2314 Cartesius
1419 2280 1504 2324 ipse,
1531 2279 1565 2312 in

136 2339 280 2380 iudicio,
306 2340 400 2385 quod
427 2340 471 2374 de
498 2340 668 2373 Hobbesii
697 2339 858 2383 operibus
893 2338 1037 2383 protulit
1073 2339 1107 2371 in
1134 2339 1204 2372 suis
1229 2339 1392 2384 epistolis,
1426 2338 1469 2371 de
1496 2339 1565 2371 hoc

136 2399 230 2433 inter
256 2398 324 2432 alia
352 2411 433 2434 eum
452 2399 692 2445 reprehendit,
710 2398 803 2443 quod
824 2399 988 2431 hominem
1007 2402 1177 2444 supponat
1196 2398 1406 2431 naturaliter
1426 2397 1564 2431 malam.

208 2459 266 2504 (3)
293 2458 348 2494 Cf.
375 2471 488 2505 super.
517 2458 586 2492 vol.
615 2459 640 2492 Ι.
681 2470 754 2504 cap.
783 2459 858 2499 VI„
885 2458 1091 2503 praesertim
1119 2458 1207 2492 thes.
1237 2458 1314 2492 LV.
