1709 2762
796 68 997 108 -5-

276 173 305 215 I.
340 171 524 214 Divisiva
556 173 597 214 in
645 172 787 227 primis
830 171 1032 216 methodo
1076 183 1234 214 utentes
1274 173 1492 216 essentiam
1534 188 1606 216 seu

187 256 375 286 naturam
406 243 610 286 societatis
643 243 682 284 in
716 243 930 284 communi
961 243 1017 284 sic
1049 241 1374 285 determinamus
1404 243 1485 302 (1).

276 314 376 356 Eam
409 330 494 356 esse
526 314 705 370 plurium
741 314 976 365 hominurn,
1011 312 1154 355 saltem
1187 311 1380 366 duorum,
1406 315 1606 357 unionem

188 384 450 426 manifestum
483 397 554 427 est.
589 384 771 426 Societas
803 398 899 425 sane
931 398 980 424 ex
1014 397 1097 424 uno
1129 397 1216 425 non
1249 381 1306 436 fit,
1331 382 1400 426 sed
1424 382 1528 426 duos
1555 383 1605 428 ad

187 457 408 498 minimum
442 457 622 512 requirit.
657 456 726 497 Est
757 456 866 497 enim
901 455 1106 496 societatis
1138 469 1223 497 vox
1246 453 1403 497 Iocutio
1426 454 1605 512 pluralis:

190 544 207 565 «
235 526 398 582 pluralis
431 539 566 568 autem
599 526 755 568 locutio
789 525 968 568 duorum
991 539 1166 566 numero
1190 536 1249 567 est
1272 537 1498 568 contenta»
1523 524 1604 584 (2).

184 596 431 653 Exemplum
464 597 682 649 societatis,
717 611 819 653 quae
853 612 903 638 ex
947 594 1106 639 duobus
1160 598 1350 653 emergit,
1394 595 1517 640 habes
1563 598 1606 640 in

185 668 396 723 coniugio.

279 739 334 780 At
366 750 490 794 patet,
522 753 608 780 non
642 739 828 794 quamvis
857 737 1078 780 hominum
1100 739 1437 782 coniunctionem
1460 740 1606 782 mereri

193 824 343 851 nomen
385 810 604 851 societatis.
653 808 873 860 Quaelibet
919 808 1106 865 profecto
1153 810 1325 852 societas
1365 822 1427 852 est
1473 809 1607 867 aliqua

188 880 409 923 hominum
440 882 552 933 unio,
587 896 674 923 non
705 894 843 924 tamen
875 897 896 924 e
928 896 1132 923 converso
1155 880 1359 938 quaelibet
1383 882 1605 924 hominum

183 953 280 993 unio
313 964 372 994 est
403 954 598 994 socistas:
641 967 693 994 eo
742 965 874 1009 pacto,
923 967 1006 1009 quo
1057 954 1223 1009 quaevis
1264 952 1328 995 lex
1371 965 1430 995 est
1471 952 1606 1010 aliqua

183 1022 337 1077 regula,
372 1038 455 1065 non
489 1036 627 1065 tamen
661 1024 842 1066 vicissim
877 1024 1043 1080 quaevis
1090 1023 1233 1080 regula
1267 1036 1327 1066 est
1376 1023 1455 1066 leX.
1503 1024 1606 1067 Non

182 1091 367 1145 hahetur,
401 1106 443 1134 ut
476 1093 554 1136 dici
585 1094 702 1153 solet,
736 1095 1018 1150 reciprocatio.
1053 1094 1123 1137 Est
1155 1095 1282 1150 igitur
1315 1093 1501 1138 addenda
1542 1094 1604 1136 ul-

180 1165 310 1206 terior
342 1164 417 1207 alia
450 1178 548 1208 nota
581 1182 652 1209 seu
702 1165 940 1210 differentia.
991 1167 1104 1209 Unio
1153 1166 1334 1222 plurium
1381 1166 1604 1209 hominum

180 1235 408 1291 quotuplex
450 1236 646 1293 distingui
688 1239 855 1294 potest?
903 1237 982 1280 Vel
1028 1250 1088 1279 est
1136 1253 1250 1280 mere
1292 1238 1518 1280 extrinseca
1564 1250 1604 1280 et

182 1305 365 1361 physica,
399 1307 463 1349 vei
506 1320 564 1350 est
612 1310 827 1351 intrinseca
869 1322 908 1351 et
956 1309 1138 1352 moralis.
1188 1309 1317 1366 Atqui
1365 1310 1603 1351 coniunctio

182 1393 292 1420 mere
323 1380 548 1422 extrinseca
580 1392 619 1421 et
652 1380 834 1436 physica,
869 1380 1101 1424 cuiusmodi
1135 1394 1194 1424 θεῖ
1226 1397 1262 1426 e.
1295 1397 1336 1438 g.
1380 1382 1480 1424 unio
1522 1380 1603 1424 loci

182 1460 221 1489 et
267 1451 478 1505 teinpoi·i8‚
532 1465 617 1492 non
663 1449 810 1493 sufficit
860 1451 910 1494 ad
964 1452 1205 1494 societatem
1258 1450 1601 1495 constituendam.

182 1518 328 1575 Ecquis
360 1535 455 1561 sane
488 1536 536 1562 ex
570 1536 620 1563 eo
654 1533 827 1574 tantum,
862 1521 975 1578 quod
1007 1521 1141 1578 plures
1175 1522 1367 1564 homines
1389 1521 1536 1565 eadem
1560 1523 1603 1565 in

180 1591 273 1631 navi
307 1602 374 1631 aut
406 1590 536 1633 domo
570 1591 805 1634 cohabitent
837 1592 906 1650 (3)
937 1592 1003 1634 ve}
1035 1592 1184 1636 eodem
1218 1605 1406 1650 tempore
1444 1594 1598 1646 vivant,

181 1658 328 1702 dixerit
359 1675 430 1702 eos
461 1660 622 1704 efficere
655 1663 926 1706 societatem?
957 1663 1139 1706 Societas
1172 1679 1274 1720 ergo
1307 1676 1367 1706 est
1389 1665 1489 1706 unio
1510 1663 1600 1721 plu-

182 1732 288 1773 rium
321 1732 537 1775 intrinseca
569 1746 607 1775 et
631 1734 814 1776 moralis.

267 1802 323 1843 At
355 1817 483 1858 quum
514 1805 612 1845 unio
645 1805 860 1847 intrinseca
893 1818 932 1847 et
966 1805 1133 1848 moralis
1155 1807 1283 1862 possit
1311 1806 1474 1863 concipi
1496 1806 1601 1849 mul-

179 1872 317 1928 milex,
351 1888 553 1929 quaenam
583 1888 623 1917 et
655 1875 784 1931 qualis
807 1878 1038 1933 requiritur,
1061 1890 1104 1919 ut
1127 1879 1299 1920 societas
1322 1893 1418 1920 vere
1442 1892 1487 1920 ac
1507 1893 1600 1934 pro-

252 2033 307 2075 (1)
335 2032 390 2066 Cf.
416 2033 600 2079 Zallinger,
627 2035 772 2069 institut.
817 2036 878 2069 iur.
906 2045 975 2070 nat.
1015 2036 1072 2070 lib.
1111 2038 1154 2071 II.
1193 2038 1234 2071 ab
1274 2038 1373 2080 init.;
1413 2038 1598 2078 Schrader,

181 2099 376 2123 comment.
403 2091 446 2124 de
473 2092 660 2126 hominum
687 2094 808 2127 societ.
838 2095 1036 2139 generatim
1063 2095 1104 2128 ab
1131 2096 1205 2129 init.
1234 2096 1336 2130 Hunc
1376 2104 1598 2130 commenta-

180 2147 269 2181 rium
297 2149 476 2192 praemisit
502 2159 623 2184 auctor
649 2152 803 2186 thesibus
831 2153 873 2186 de
900 2153 1057 2187 Ecclesia
1076 2155 1217 2188 Christi.

251 2208 307 2250 (2)
332 2208 420 2253 Reg.
448 2218 502 2250 40.
531 2209 686 2243 Bouifac.
715 2211 811 2245 VIII,
840 2212 900 2245 iur.
929 2224 1002 2246 can.
1030 2213 1066 2245 in
1093 2213 1154 2247 VI.

251 2266 306 2308 (3)
334 2266 381 2300 [Ξῖ
409 2267 596 2312 Taparelli‚
623 2268 643 2301 1.
672 2269 728 2302 cit.
756 2282 852 2303 num.
882 2281 971 2315 303„
998 2272 1056 2312 ait,
1086 2286 1103 2303 «
1129 2272 1207 2306 solo
1234 2284 1303 2306 uua
1329 2284 1449 2318 grossa
1476 2284 1494 2307 e
1522 2285 1596 2306 ma-

179 2324 400 2358 terialissima
428 2325 578 2359 filosoiia
605 2329 716 2371 potria
743 2329 965 2362 considerare
1004 2329 1035 2363 la
1072 2331 1205 2364 societa
1244 2342 1348 2365 come
1386 2343 1455 2365 una
1493 2332 1596 2366 local:

181 2384 460 2427 aggregazione:
489 2394 625 2419 mentre
651 2386 762 2420 moite
790 2389 920 2421 societa
947 2389 1078 2423 vivono
1106 2401 1221 2434 sparse
1249 2391 1284 2424 in
1302 2390 1425 2437 luoghi
1445 2392 1596 2437 dispara-

179 2441 316 2483 zissimi,
344 2456 361 2476 e
388 2455 472 2488 pure
499 2444 662 2478 formano
689 2446 924 2480 moralmente
950 2459 997 2480 un
1023 2449 1100 2482 solo
1129 2461 1243 2483 essere
1262 2463 1293 2483 »-
