1705 2787
790 103 1020 147 -24-

193 198 445 254 experientia
479 196 695 240 discantur.
731 197 843 253 Ergo
876 211 1038 239 necesse
1069 208 1142 250 est,
1176 209 1220 240 ut
1251 198 1374 242 simul
1411 200 1621 255 vivamus,

192 280 231 311 et
263 284 367 310 unus
399 267 525 310 alium
556 269 681 310 iuvet.
709 285 728 308 >›
753 268 811 310 Ita
844 267 1114 310 Bellarminus
1136 268 1217 327 (1).
1240 269 1422 324 Brevius,
1453 282 1629 327 natura,<

193 354 263 410 seu
295 340 429 381 verius
462 351 627 381 naturae
673 351 815 381 auctor
846 338 958 381 Deus
1001 338 1100 392 vult,
1135 339 1353 384 hominem
1400 341 1479 385 frui
1527 357 1624 400 per—

192 409 297 453 fecta
330 426 480 463 rerum,
516 426 618 467 quae
650 409 700 453 ad
742 411 850 452 vitae
892 411 1254 454 conservationem
1294 424 1388 455 sunt
1426 428 1617 458 necessa·-

192 482 286 534 riae,
335 481 587 524 sufficientia.
635 481 718 524 Sed
764 481 897 523 homo
944 481 1148 525 solitarius
1195 483 1271 526 hac
1311 484 1431 541 plena
1473 499 1617 528 rerum

192 551 433 595 sufficientia
466 552 542 595 frui
575 554 728 609 nequit,
762 553 908 596 fruitur
929 565 1067 596 autem
1090 555 1249 597 iunctus
1271 557 1615 614 consociatusque

262 703 400 750 (1)'De
428 705 541 738 Laicis
568 715 596 737 c.
624 703 669 737 V.
696 703 830 737 Eadem
856 703 905 737 sic
946 703 1090 748 exponit
1128 715 1154 737 s.
1194 703 1369 745 Thomas,
1409 715 1527 750 opusc.
1567 705 1619 741 de

190 766 314 811 regim.
341 766 449 810 princ.
478 765 498 798 l.
530 775 557 798 1.
577 775 606 797 c.
639 774 688 798 1.:
719 778 737 796 «
762 762 931 797 Natmale
958 771 1011 797 est
1035 763 1187 804 homini,
1212 771 1250 797 ut
1267 763 1311 797 sit
1328 763 1461 798 animal
1479 765 1615 800 sociale·

191 835 224 861 et
249 826 445 871 politicum,
471 825 507 858 in
533 823 760 860 multitudine
786 824 921 864 vivens,
948 823 1062 869 magis
1095 824 1203 857 ctiam
1241 834 1347 869 quam
1385 824 1508 859 omnia
1544 825 1618 860 alia*

188 885 365 926 animalia,
390 884 483 930 quod
510 883 654 930 quidem
679 882 846 916 naturalis
884 883 1074 917 necessitas
1113 882 1278 916 declarat.
1307 902 1350 908 —
1387 882 1477 917 Aliis
1513 884 1610 931 enirn

187 945 396 979 animalibus
421 952 545 978 natura
570 942 792 988 praeparavit
829 942 959 982 cibum,
993 949 1202 987 tegumenta
1232 940 1398 986 pilorum,
1433 933 1626 977 defensioss

186 1017 282 1047 nem,
307 1014 345 1040 ut
371 1004 508 1044 dentes,
534 1014 678 1043 cornua,
703 1013 840 1048 ungues
867 1001 924 1035 vel
959 1001 1086 1036 saltem
1125 1001 1355 1036 velocitatem
1394 1001 1437 1035 ad
1475 1002 1623 1049 fugam·

186 1065 309 1099 Homo
335 1073 453 1098 autem
481 1063 658 1097 institutus
686 1070 737 1095 est
762 1061 862 1095 nullo
901 1061 1031 1095 horum
1069 1061 1133 1095 sibi
1172 1072 1192 1094 a
1230 1069 1353 1095 natura
1391 1071 1609 1107 praeparato,

185 1123 246 1158 sed
271 1123 354 1157 loco
381 1122 545 1156 omnium
571 1121 651 1155 data
677 1128 729 1155 est
757 1120 787 1154 ei
815 1121 917 1159 ratio,
943 1132 1005 1165 per
1031 1131 1137 1166 quam
1155 1120 1219 1154 sibi
1239 1120 1328 1154 haec
1347 1121 1470 1155 omnia
1486 1120 1614 1156 officio·

186 1194 357 1217 manuum
392 1183 501 1227 possit
526 1192 742 1226 praeparare,
769 1180 811 1214 ad
839 1191 927 1225 quae
955 1180 1077 1213 omnia
1114 1180 1352 1225 praeparanda
1378 1192 1468 1215 unus
1494 1181 1616 1216 homo

185 1254 259 1277 non
285 1242 423 1278 sufficit.
451 1242 543 1276 Nam
569 1253 658 1275 unus
684 1241 797 1274 homo
835 1251 897 1285 per
934 1251 971 1273 se
1007 1239 1226 1274 sufficienter
1265 1239 1375 1274 vitam
1413 1241 1614 1288 transigere·

183 1313 258 1336 non
282 1310 411 1348 posset.
439 1302 498 1335 Est
524 1300 632 1346 igitur
658 1300 797 1333 homini
824 1299 996 1340 naturale,
1022 1300 1116 1344 quod
1145 1300 1180 1332 in
1207 1300 1379 1334 societate
1412 1299 1607 1334 multorum

184 1361 290 1395 vivat.
318 1381 360 1386 —
388 1359 563 1405 Amplius,
589 1358 663 1392 aliis
690 1358 899 1392 animalibus
926 1358 1029 1392 insita
1065 1367 1116 1392 est
1154 1358 1321 1392 naturalis
1360 1358 1530 1393 industria
1564 1359 1612 1393 ad‘

185 1420 307 1454 omnia
334 1431 385 1460 ea,
410 1430 498 1464 quae
524 1426 604 1452 sunt
631 1418 679 1452 eis
706 1417 805 1452 utilia
832 1417 888 1451 vel
915 1418 1054 1458 nociva,
1081 1418 1170 1451 sicut
1188 1418 1265 1452 ovis
1284 1417 1490 1452 naturaliter
1504 1417 1614 1452 aestiss

184 1487 258 1513 mat
283 1478 405 1523 lupum
430 1477 626 1511 inimicum.
655 1477 843 1518 Quaedam
871 1477 978 1510 etiam
1005 1476 1171 1510 animalia
1198 1487 1240 1510 ex
1266 1476 1417 1511 naturali
1435 1476 1608 1512 industria

183 1545 406 1583 cognoscunt
433 1536 563 1581 aliquas
588 1535 714 1569 herbas
740 1534 982 1576 medicinales,
1002 1543 1036 1568 et
1054 1534 1122 1568 alia
1140 1546 1265 1569 eorum
1284 1535 1377 1569 vitae
1394 1535 1609 1569 necessaria.

184 1595 306 1631 Homo
332 1604 452 1630 autem
478 1596 619 1637 horum,
645 1606 732 1640 quae
759 1603 839 1629 sunt
865 1606 947 1628 suae
974 1595 1068 1628 vitae
1094 1595 1303 1636 necessaria,
1331 1593 1530 1629 naturalem
1549 1606 1607 1629 co-

182 1655 382 1701 gnitionem
409 1654 514 1688 habet
540 1654 657 1688 solum
684 1654 719 1687 in
746 1654 943 1695 communi,
970 1654 1065 1699 quasi
1093 1665 1136 1688 eo
1171 1666 1233 1699 per
1259 1654 1437 1688 rationem
1463 1653 1621 1690 valenter

180 1725 222 1748 ex
248 1713 502 1748 universalibus
528 1713 705 1758 principiis
731 1713 774 1746 ad
801 1713 1049 1758 cognitionem
1075 1712 1311 1758 singulorum,
1354 1724 1442 1758 quae
1481 1723 1613 1747 neces-

180 1774 269 1808 saria
294 1783 374 1808 sunt
400 1774 576 1808 humanae
603 1774 708 1814 vitae,
735 1773 932 1818 pervenire.
960 1773 1045 1806 Non
1072 1781 1124 1807 est
1151 1781 1271 1821 autem
1297 1772 1476 1818 possibile,
1509 1772 1608 1818 quod

180 1845 269 1868 unus
294 1834 407 1868 homo
434 1833 477 1867 ad
505 1834 626 1867 onmia
652 1833 857 1866 huiusmodi
883 1844 944 1878 per
967 1844 1067 1867 suam
1100 1833 1278 1866 rationem
1316 1833 1504 1878 pertingat.
1542 1833 1621 1866 Est·

179 1893 286 1938 igitur
311 1894 550 1927 necessarium
578 1893 729 1933 homini,
756 1893 849 1938 quod
876 1893 912 1926 in
951 1892 1178 1926 multitudine
1215 1893 1322 1933 vivat,
1361 1900 1396 1926 et
1433 1903 1522 1926 unus
1560 1892 1604 1925 ab

180 1952 249 1986 alio
276 1953 470 1995 adiuvetur,
498 1961 531 1986 et
558 1952 686 1986 diversi
714 1952 859 1986 diversis
886 1952 1109 1986 inveniendis
1141 1963 1203 1997 per
1241 1951 1419 1985 rationem
1457 1963 1610 1997 occupa·

181 2020 311 2053 rentur,
337 2020 430 2056 puta,
455 2023 544 2045 unus
571 2011 607 2044 in
634 2011 821 2052 medicina,
848 2011 934 2045 alius
960 2011 996 2044 in
1022 2011 1103 2052 hoc,
1143 2010 1230 2045 alius
1269 2011 1305 2044 in
1343 2010 1424 2044 alio.
1450 2030 1498 2036 -—
1521 2011 1601 2044 Hoc

180 2071 286 2104 etiam
314 2071 578 2105 evidentissime
605 2070 799 2104 declaratur
825 2082 886 2116 per
912 2071 993 2112 hoc,
1020 2070 1113 2116 quod
1141 2078 1194 2104 est
1227 2070 1410 2116 proprium
1444 2065 1617 2104 hominis¹

178 2128 360 2163 locutione
386 2130 447 2169 uti,
474 2141 535 2174 per
561 2141 666 2174 quam
693 2141 781 2163 unus
810 2130 922 2163 homo
949 2128 1024 2162 aliis
1051 2140 1153 2162 suum
1193 2137 1407 2173 conceptum
1444 2127 1603 2162 totaliter

179 2189 289 2234 possit
325 2190 532 2234 exprimere.
561 2188 641 2223 Alia
667 2190 810 2234 quidem
837 2189 1004 2223 animalia
1030 2189 1232 2234 exprimunt
1257 2197 1382 2222 mutuo
1420 2188 1619 2233 passiones⁴

179 2259 256 2282 suas
282 2249 317 2281 in
344 2249 539 2289 communi,
566 2257 602 2282 ut
629 2249 724 2282 canis
752 2249 787 2281 in
813 2248 938 2282 latratu
968 2249 1068 2293 iram,
1097 2257 1131 2285 et
1149 2247 1217 2281 alia
1236 2247 1401 2281 animalia
1419 2247 1602 2292 passi-ones

178 2318 256 2341 suas
282 2308 427 2342 diversis
454 2308 580 2341 modis.
609 2308 723 2352 Magis
750 2309 856 2353 igitur
882 2309 994 2341 homo
1035 2316 1086 2342 est
1125 2307 1447 2341 communicativus
1486 2305 1619 2347 alteri„

180 2377 284 2411 quam
311 2366 558 2411 quodcumque
585 2366 726 2407 animal,
753 2366 846 2411 quod
874 2366 1016 2411 gregale
1043 2366 1192 2406 videtur,
1217 2374 1255 2399 ut
1282 2376 1374 2411 grus,
1400 2363 1549 2398 formica
1564 2373 1599 2398 et

181 2425 264 2470 apis.
292 2425 370 2459 Hoc
399 2437 484 2470 ergo
511 2425 739 2459 considerans
765 2425 938 2459 Salomon
971 2426 1007 2458 in
1045 2425 1256 2459 Ecclesiaste
1295 2425 1354 2466 ait,
1391 2423 1517 2459 Mdius
1551 2427 1610 2470 eslf

180 2494 245 2518 essa
271 2483 352 2518 duos
380 2497 477 2530 qnam
507 2497 621 2526 unum,
648 2485 768 2518 halent
793 2486 878 2518 enim
905 2485 1162 2518 emolumentmn
1180 2488 1316 2518 mutuae
1333 2485 1549 2519 societatis.»
