1705 2787
679 80 941 123 &1932

186 175 329 219 Porro
361 173 540 218 nullum
575 173 705 218 habet
729 173 867 218 robur
907 173 965 231 id,
999 174 1119 233 quod
1152 173 1204 219 ad
1237 174 1356 219 allati
1389 188 1519 232 argu-

105 246 247 289 menti
279 245 372 290 vim
404 244 734 303 infringendam
768 245 881 290 solet
915 245 1060 291 obiici:
1087 261 1262 305 nempe,
1285 262 1524 304 argumen-

99 328 197 360 tum
232 316 356 360 nimis
405 330 453 358 ac
496 315 683 373 proinde
726 315 828 359 nihil
861 315 1061 374 probare.
1117 317 1236 360 Cum
1283 317 1404 360 enim
1437 315 1522 375 (sic

97 387 339 445 obiiciunt)
372 385 425 430 de
459 387 632 430 ratione
666 388 859 430 cuiusvis
894 388 1117 431 societatis
1165 388 1223 431 sit
1255 388 1510 443 auctoritas,

96 471 247 519 posset
279 457 398 503 idem
431 471 751 516 argumentum
784 460 959 502 institui
993 458 1045 503 de
1069 474 1350 518 quacumque
1376 459 1515 502 socie-

93 545 196 590 tate,
229 548 265 576 e.
299 548 340 591 g.
375 531 588 575 litteraria
621 531 754 574 etiam
787 542 862 574 aut
898 532 1177 588 mercatoria,
1211 546 1258 574 ac
1292 530 1344 575 de
1379 545 1427 574 ea
1450 529 1510 574 af-

93 776 254 815 potestas
293 779 366 802 non
395 766 523 801 dicitur
552 765 761 812 simpliciter
789 777 867 800 esse
895 766 1103 801 immediate
1132 779 1150 801 a
1178 768 1268 809 Deo,
1296 766 1359 800 sed
1398 765 1517 801 solum

94 829 293 864 secundum
319 827 419 874 quid:
447 839 532 862 narn
558 827 720 873 proxime
749 827 791 861 ab
817 828 963 861 bomine
1003 827 1106 861 datur
1132 836 1165 862 et
1205 827 1246 861 ab
1273 825 1334 860 illo
1373 826 1516 871 pendet.

95 890 197 925 Tunc
225 902 311 935 ergo
339 889 467 922 dicitur
494 896 654 933 potestas
682 887 845 922 absolute
873 888 954 923 data
974 888 1181 922 immediate
1210 899 1229 921 a
1256 887 1346 928 Deo,
1373 885 1516 931 quando

94 949 191 984 solus
219 950 317 983 Deus
345 960 408 994 per
433 947 658 983 voluntatem
686 959 789 981 suam
817 956 869 982 est
910 960 1017 982 causa
1044 948 1206 994 proxima
1234 956 1268 981 et
1294 957 1357 992 per
1382 957 1421 980 se
1451 945 1516 979 do-

92 1021 181 1043 nans
209 1007 318 1043 talem
344 1016 562 1053 potestatem
591 1015 625 1041 et
651 1007 720 1040 hoc
749 1006 859 1041 modo
887 1007 923 1041 in
950 1008 1127 1051 praesenti
1149 1007 1337 1052 loquimur,
1358 1004 1516 1051 alioquin

92 1066 219 1101 frivola
245 1075 280 1101 et
306 1065 440 1100 inutilis
463 1074 557 1100 esset
584 1065 790 1111 disputatio.
819 1069 862 1108 2.)
892 1066 968 1099 Imo
996 1065 1142 1101 ulterius
1183 1067 1273 1100 duos
1301 1065 1431 1100 modos
1458 1065 1512 1099 di-

93 1127 274 1172 stinguere
301 1135 455 1172 oportet,
483 1126 609 1172 quibus
637 1127 733 1160 Deus
762 1135 881 1171 potest
909 1135 943 1161 et
969 1126 1062 1161 solet
1088 1127 1307 1168 immediate,
1328 1126 1419 1161 idest
1439 1125 1516 1160 sola

92 1199 155 1221 sua
182 1187 341 1232 potentia
369 1195 404 1221 et
429 1185 626 1229 voluntate,
643 1184 799 1232 aliquam
826 1194 1045 1232 potestatem
1071 1186 1246 1221 conferre.
1266 1186 1367 1220 Unus
1383 1185 1513 1220 modus

89 1256 143 1281 est
170 1246 288 1281 dando
315 1254 544 1292 potestatem,
572 1254 608 1280 ut
636 1257 677 1280 ex
716 1254 843 1280 natura
869 1246 918 1279 rei
946 1246 1150 1280 necessario
1190 1256 1391 1280 connexam
1432 1256 1512 1280 cum

91 1305 206 1352 aliqua
231 1315 357 1341 natura
385 1305 445 1348 rei,
472 1316 580 1351 quam
607 1306 704 1340 Deus
732 1305 808 1351 ipse
836 1305 968 1347 condit,
996 1305 1092 1351 quod
1119 1306 1152 1339 in
1181 1305 1339 1351 physicis
1367 1303 1517 1339 faculta-

89 1365 181 1399 tibus
208 1364 311 1400 facile
337 1373 457 1410 potest
484 1364 720 1400 considerari:
749 1377 832 1400 nam
872 1366 970 1399 Deus
998 1364 1154 1398 creando
1183 1365 1340 1399 animam
1382 1364 1441 1398 dat
1468 1363 1515 1397 illi

90 1425 299 1461 immediate
326 1424 548 1460 intellectum
568 1434 602 1459 et
619 1425 856 1467 voluntatem,
877 1426 959 1471 quia
979 1424 1062 1459 licet
1093 1424 1299 1459 huiusmodi
1331 1423 1514 1468 potentiae

92 1496 133 1519 ex
162 1485 280 1519 anima
306 1485 384 1530 ipsa
410 1484 618 1519 naturaliter
644 1485 767 1527 fluant,
785 1495 906 1520 tamen
933 1485 1014 1530 quia
1033 1484 1131 1519 solus
1152 1485 1249 1518 Deus
1271 1484 1429 1517 animam
1445 1483 1515 1516 im-

42 1548 45 1549 ’
91 1543 247 1577 mediate
275 1552 382 1586 creat,
402 1542 528 1578 dicitur
547 1544 645 1578 Deus
673 1544 781 1577 etiam
800 1543 1008 1577 immediate
1029 1542 1193 1576 conferre
1213 1542 1404 1588 potentias,
1424 1553 1515 1587 quae

91 1601 188 1637 illam
215 1611 493 1648 consequuntur.
522 1603 621 1637 Idem
650 1615 736 1649 ergo
763 1612 818 1638 est
844 1612 983 1637 servata
999 1603 1231 1648 proportione
1251 1602 1286 1636 in
1305 1601 1431 1636 morali
1451 1613 1517 1647 po-

92 1669 232 1704 testate,
260 1672 345 1696 nam
372 1670 532 1707 potestas
559 1662 667 1707 patris
696 1662 730 1695 in
759 1661 871 1697 filium
899 1660 1044 1694 moralis
1073 1669 1136 1703 est,
1166 1669 1200 1695 et
1219 1673 1238 1695 a
1266 1661 1345 1694 Deo
1373 1660 1451 1705 ipso
1480 1669 1515 1693 ut

93 1729 238 1756 auctore
265 1729 414 1755 naturae
441 1721 649 1756 immediate
677 1720 869 1763 confertur,
898 1732 970 1755 non
997 1729 1034 1755 ut
1061 1719 1238 1765 peculiare
1259 1720 1394 1754 donum
1414 1732 1433 1754 a
1451 1732 1516 1754 na-

91 1788 170 1814 tura
187 1780 337 1814 omnino
364 1780 582 1823 distinctum,
602 1781 664 1815 sed
684 1790 721 1816 ut
741 1781 946 1816 necessario
966 1791 1191 1825 consequens
1212 1778 1310 1814 illam
1329 1781 1516 1825 supposito

91 1839 335 1885 generationis
361 1838 615 1874 fundamento:
643 1840 733 1874 sicut
761 1851 779 1873 e
807 1839 986 1873 contrario
1014 1838 1188 1873 subiectio
1216 1838 1278 1872 filii
1310 1838 1352 1872 ad
1377 1847 1515 1883 patrem

89 1898 259 1934 naturalis
287 1907 341 1933 est
368 1907 403 1934 et
430 1910 449 1933 a
476 1900 555 1934 Deo
583 1899 803 1941 immediate,
831 1910 905 1933 non
932 1911 973 1932 ex
1000 1898 1167 1944 peculiari
1207 1898 1431 1932 institutione
1453 1897 1515 1931 ad-

90 1957 162 1992 dita
188 1967 347 2001 naturae,
375 1958 438 1993 sed
466 1968 503 1994 ut
529 1959 733 1994 necessario
760 1970 987 2005 consequens
1015 1958 1056 1992 ad
1084 1957 1194 1992 talem
1221 1966 1385 1992 naturam
1406 1958 1516 1992 ratio-

88 2016 208 2051 nalem
234 2017 284 2052 sic
310 2017 533 2064 productam.
562 2018 645 2052 Alio
673 2018 784 2052 modo
812 2017 915 2052 datur
941 2029 960 2051 a
1000 2018 1078 2052 Deo
1105 2017 1315 2051 immediate
1354 2025 1515 2062 potestas

87 2087 150 2121 per
175 2089 213 2111 se
239 2076 296 2121 (ut
321 2077 370 2111 ita
396 2077 531 2121 dicam)
559 2086 593 2111 et
619 2075 786 2122 peculiari
815 2076 1023 2118 donatione,
1051 2087 1123 2109 non
1151 2083 1188 2110 ut
1206 2075 1412 2110 necessario
1428 2086 1516 2109 con-

87 2150 178 2172 nexa
205 2148 287 2172 cum
314 2137 461 2172 alicuius
489 2139 537 2172 rei
567 2138 765 2172 creatione:
793 2137 856 2171 sed
875 2146 911 2170 ut
928 2136 1129 2171 voluntarie
1151 2149 1169 2170 a
1192 2138 1271 2171 Deo
1288 2136 1514 2182 superaddita

89 2197 191 2233 alicui
219 2207 366 2233 naturae
396 2197 454 2232 vel
492 2209 681 2243 personae.
723 2196 934 2231 Cuiusmodi
974 2207 1166 2241 possumus
1208 2195 1374 2241 exempla
1413 2197 1514 2242 quasi

91 2257 241 2304 physica
267 2266 302 2292 et
340 2256 490 2292 moralia
518 2257 703 2291 adhibere:
733 2268 817 2290 nam
844 2264 1003 2301 potestas
1035 2256 1197 2301 proxima
1224 2255 1377 2290 faciendi
1405 2256 1515 2290 mira-

91 2315 171 2351 cula
195 2317 296 2363 quasi
324 2316 473 2362 physica
502 2325 566 2359 est,
595 2325 627 2350 et
655 2325 777 2350 tamen
805 2316 904 2350 Deus
931 2314 1028 2349 illam
1055 2315 1264 2350 immediate
1292 2314 1439 2359 confert,
1458 2317 1513 2351 cui

92 2374 178 2419 vult,
204 2387 279 2411 non
304 2387 346 2410 ex
373 2376 491 2423 aliquo
519 2377 650 2419 debito,
678 2376 740 2410 sed
770 2388 812 2410 cx
839 2375 990 2410 consilio
1015 2375 1209 2410 voluntatis
1228 2388 1325 2411 suae.
1346 2377 1512 2412 Potestas

93 2447 237 2482 quoque
261 2437 525 2479 iurisdictionis,
554 2437 660 2471 I‘etro
688 2449 718 2470 ν.
747 2450 779 2479 g.
807 2437 899 2478 data,
927 2436 1071 2471 moralis
1100 2436 1174 2475 suit,
1203 2445 1236 2471 et
1263 2445 1386 2472 tamen
1413 2438 1491 2471 Deu
