1709 2762
187 174 266 202 una
299 160 417 201 actio.
453 158 559 200 Hinc
591 157 660 215 (ex
696 155 762 198 illa
803 171 954 212 nempe
986 155 1134 212 triplici
1176 156 1342 209 unitate,
1366 156 1612 211 intellectus,

187 229 422 282 voluntatis,
456 230 626 271 actionis
660 227 886 279 exterioris,
921 242 993 283 per
1025 242 1150 283 quam
1171 226 1292 269 refert
1314 239 1354 270 et
1377 227 1614 285 analogiam

188 299 310 342 habet
344 299 392 343 ad
427 314 644 356 personam
669 296 906 354 physicam)
927 299 1099 340 societas
1121 310 1180 340 est
1203 313 1247 340 ac
1272 297 1417 341 dicitur
1438 313 1615 355 persona

188 370 368 419 moralis,
412 386 514 426 quae
557 369 606 412 ad
650 368 825 411 modum
868 367 1178 411 individuorum
1219 369 1301 410 suis
1347 368 1614 426 adstringitur

189 439 334 483 officiis
366 443 528 497 suisque
562 439 715 481 iuribus
747 438 912 495 gaudet.
950 456 970 478 »
998 465 1050 470 —
1076 438 1272 481 Similiter
1304 439 1450 482 dicitur
1477 447 1615 498 corpus

188 512 335 553 anurale.
368 526 439 567 per
472 510 708 565 analogiam
743 509 792 552 ad
826 524 974 566 corpus
1005 509 1225 565 physicum
1257 509 1339 568 (Ι).

277 582 348 624 IV.
382 582 497 623 Patet
531 589 682 637 quarto,
717 580 950 623 cuiusmodi
973 579 1115 624 debeat
1138 596 1221 623 esse
1244 579 1343 637 finis
1379 582 1619 623 communis.

188 652 309 694 sociis
342 652 590 707 propositus,
627 676 680 680 -
716 649 849 692 Debet
881 666 968 693 esse
1001 650 1212 692 honestus.
1264 668 1283 690 α
1333 651 1376 694 Si
1408 650 1615 703 maleficii,

189 723 244 764 sic
278 722 454 778 legimus
487 722 527 763 in
562 723 648 764 iure
680 720 762 779 (2),
796 722 970 763 societas
1003 722 1111 764 coita
1150 722 1212 773 sit,
1257 734 1415 764 constat
1458 721 1613 764 nullam

189 807 273 835 esse
306 794 557 835 societatem.
595 793 853 836 Generaliter
887 794 999 835 enim
1035 791 1219 845 traditur,
1263 808 1401 835 rerum
1442 792 1617 835 inhone-

191 876 347 906 starum
380 863 535 905 nullam
568 879 654 906 esse
686 865 939 908 societatem.
977 881 996 903 »

278 935 331 978 V.
364 935 479 976 Patet
516 935 663 991 quinto,
699 934 829 992 qualis
863 934 1007 978 debeat
1039 950 1124 976 esse
1156 936 1262 988 unio,
1297 950 1375 991 qua
1395 935 1508 977 ‘socii
1549 934 1615 979 ad-

191 1007 462 1062 stringuntur.
499 1032 551 1037 —
586 1007 720 1049 Debet
753 1022 840 1049 esse
872 1006 1025 1049 stabilis
1059 1022 1103 1049 ac
1136 1022 1393 1063 permanens.
1436 1007 1612 1060 Etenim,

190 1089 234 1119 ut
266 1089 373 1119 recte
406 1077 566 1121 disserit
598 1078 800 1121 Schrader
830 1078 910 1136 (3),
955 1096 974 1118 ‹<
1014 1079 1056 1120 in
1099 1079 1303 1120 societatis
1344 1079 1516 1120 noti0ne
1557 1079 1615 1121 in-

190 1147 365 1191 cluditur
396 1147 623 1191 stabilitatis
652 1161 859 1206 statusque
884 1148 1097 1192 cuiusdam
1120 1147 1221 1201 idea,
1245 1149 1500 1205 proindeque
1522 1147 1617 1191 finis

190 1232 277 1259 non
299 1230 534 1261 transeunte
558 1235 637 1262 una
660 1219 835 1262 alterave
859 1220 1110 1276 operatione,
1134 1218 1206 1262 sed
1224 1220 1419 1261 continua
1436 1218 1615 1276 quadam

194 1289 406 1331 actionum
439 1291 542 1332 serie
575 1306 662 1332 esse
695 1289 1035 1347 comparandum.
1073 1308 1092 1330 »

314 1429 335 1487 ᾗ
368 1431 417 1473 Π.
452 1429 515 1473 Dc
540 1433 764 1490 praecipuis
794 1434 985 1476 societatis
1005 1433 1201 1475 hnmanae
1224 1430 1494 1475 divi5ionihlts.

741 1582 884 1611 THESIS
915 1583 1078 1612 xxxvn.

192 1693 419 1753 Slsnltiplcx
451 1695 700 1739 adlizittcnda
731 1705 786 1739 est
816 1698 1012 1741 humanae
1043 1699 1232 1742 societatis
1253 1698 1394 1741 divisio
1421 1712 1487 1740 seza
1509 1706 1617 1756 pazr-

283 1768 380 1809 titio.

290 1876 305 1903 1
321 1876 383 1903 11.
417 1861 720 1905 DECLARATIO.
754 1863 929 1907 Tradita
952 1861 1190 1907 definitione
1212 1864 1430 1916 societatis,
1454 1862 1504 1906 de
1530 1863 1616 1905 eius

198 1930 458 1975 divisionibus
481 1947 590 1973 nunc
613 1934 822 1990 agendum
845 1947 915 1977 est.
940 1960 993 1965 —
1012 1932 1116 1976 Illud
1139 1934 1250 1976 iuvat
1271 1945 1527 1990 praenotare,
1543 1932 1617 1976 hu-

269 2081 325 2125 (1)
353 2081 425 2115 Cfr.
453 2082 638 2123 Schrader,
665 2091 861 2117 comment.
889 2083 959 2117 iam
985 2083 1042 2116 cit.
1069 2082 1139 2117 Ubi
1166 2082 1257 2116 inter
1281 2082 1349 2116 alia
1374 2082 1480 2117 habet
1508 2083 1618 2118 haec:

200 2153 218 2171 «
246 2140 564 2182 Quemadmodum
592 2154 720 2187 corpus
747 2143 934 2188 physicum
961 2143 1056 2176 idem
1082 2151 1216 2183 manet,
1242 2142 1304 2176 etsi
1332 2142 1403 2188 iugi
1421 2142 1614 2177 accessioni

198 2206 233 2233 et
258 2199 455 2233 decessioni
483 2200 731 2245 particularum
759 2202 954 2235 obnoxium
981 2202 1036 2243 sit,
1061 2202 1109 2235 ita
1134 2209 1265 2236 statum
1289 2213 1392 2235 suum
1419 2213 1492 2236 non
1517 2203 1621 2236 amit·

196 2257 237 2291 tit
262 2258 424 2299 societas,
450 2258 691 2293 desinentibus
719 2261 917 2295 successive
956 2261 1145 2302 membris;
1179 2261 1245 2294 nisi
1279 2268 1400 2294 tamen
1434 2261 1619 2307 repentina

197 2327 316 2350 rerum
344 2317 582 2351 conversione
610 2318 731 2351 omnia
757 2319 862 2352 simul
889 2319 1050 2353 membra
1075 2320 1343 2365 perimerentur.
1369 2333 1387 2351 >³

268 2375 324 2419 (2)
351 2375 434 2419 Dig.
462 2375 487 2408 Ι.
518 2385 572 2419 37.
600 2376 669 2409 Pro
701 2377 811 2411 socio.

268 2434 326 2479 (3)
353 2435 560 2469 Comment.
587 2447 698 2481 nuper
724 2437 781 2470 cit.
