1705 2787
786 98 1048 141 —132—

208 181 284 226 filii
320 198 522 242 parentes
557 202 661 230 suos
696 191 897 234 solentur
931 203 973 234 et
1007 190 1252 235 sublevent.
1291 209 1310 232 «
1339 191 1525 237 Retribue
1547 190 1627 235 illis

206 257 402 312 quomodo
437 266 467 300 et
503 257 560 301 illi
588 259 828 319 tibi(1).»

294 327 346 369 ΙΙ.
382 328 523 370 Pauca
559 346 677 373 nunc
726 331 925 376 dicemus
975 333 1026 377 de
1062 333 1216 377 officiis
1252 334 1447 378 filiorum
1481 343 1627 393 tempo-

205 399 358 453 raneis,
393 414 504 456 quae
540 399 814 445 reducuntur
849 402 899 446 ad
934 403 1199 447 obedientiam
1234 406 1277 448 in
1312 406 1364 448 iis
1400 405 1626 463 omnibus,

205 484 316 524 quae
336 486 385 511 ex
411 469 623 514 educandi
643 472 790 516 officio
825 487 1028 531 parentes
1065 476 1169 532 ipsis
1204 477 1482 534 praecipiunt
1536 476 1625 537 (2).

206 540 301 581 Hoc
338 539 532 583 filiorum
570 541 767 586 officium
801 557 865 588 est
899 546 1213 590 correlativum
1257 548 1343 590 iuri
1387 559 1428 590 et
1462 546 1625 606 officio,

204 625 294 666 quo
329 623 536 667 parentes·
568 611 924 671 adstringuntur,
959 615 1175 659 educandi
1210 617 1396 674 prolem.
1420 618 1548 662 Unde
1573 634 1625 662 ex

203 682 254 723 iis
281 698 391 739 quae
425 683 477 726 de
511 685 803 742 amplitudine
838 689 1002 744 patriae
1022 690 1252 746 potestatis
1273 689 1481 747 diximus,
1500 689 1625 734 facile

203 756 333 796 etiam
371 756 650 813 intelligitur,
686 774 920 817 quousque
947 759 1030 803 hoc
1065 760 1262 804 filiorum
1297 761 1494 805 officium
1520 761 1624 805 obe-

202 825 348 869 diendi
384 827 640 884 parentibus
665 845 710 871 se
745 830 963 874 extendat.
990 832 1066 875 Est
1086 832 1283 876 officium
1307 841 1624 891 temporanemn:

201 897 334 941 finem
373 915 532 957 nempe
567 912 672 944 tunc
707 901 852 958 habet,
887 903 1064 960 quando
1099 904 1178 947 filii
1213 905 1406 949 evadunt
1430 907 1621 962 maiores,

201 982 242 1011 et
285 969 488 1013 educatio
533 985 737 1015 censetur
786 974 1020 1030 completa.
1056 976 1227 1019 Verum
1261 988 1367 1019 tunc
1402 977 1550 1033 etiam,
1585 977 1619 1019 si

202 1040 279 1083 filii
314 1053 495 1098 paterna
528 1044 573 1086 in
608 1043 744 1086 domo
780 1057 1002 1101 maneant,
1038 1045 1214 1103 debent,
1250 1058 1300 1090 ut
1332 1048 1418 1090 iam
1453 1046 1622 1090 dictum

201 1125 280 1164 est,
316 1114 445 1170 capiti
480 1113 683 1171 familiae,
719 1115 839 1173 quod
874 1129 938 1160 est
974 1130 1111 1175 pater,
1146 1118 1326 1162 subesse
1362 1120 1406 1161 in
1432 1119 1483 1161 iis
1525 1134 1622 1162 om-
1672 1124 1675 1127 ’

200 1182 346 1240 nibus,
382 1200 493 1241 quae
526 1185 578 1228 ad
612 1185 911 1230 domesticum
937 1188 1140 1231 ordinem
1165 1202 1376 1246 spectant.
1399 1190 1453 1232 Et
1486 1205 1622 1247 pauca

201 1253 322 1311 haec,
356 1257 557 1313 quamvis
592 1258 635 1300 in
671 1273 716 1301 re
751 1259 1025 1316 gravissima,
1060 1261 1259 1304 innuisse
1300 1259 1501 1303 sufficiat.

271 1460 327 1505 (Ι)
354 1463 406 1496 En
436 1462 578 1508 aliquae
604 1464 669 1498 hac
698 1465 741 1499 de
769 1477 804 1500 re
833 1478 858 1500 s.
887 1467 1089 1511 Scripturae
1117 1466 1328 1500 sententiae.
1356 1464 1449 1499 Eccl.
1478 1465 1536 1499 III.
1567 1475 1621 1508 14.

202 1529 252 1561 15.
283 1532 299 1550 «
325 1520 400 1563 Fili,
428 1523 568 1567 suscipe
595 1533 779 1558 senectam
805 1525 913 1569 patris
941 1526 1001 1566 tui,
1021 1534 1055 1559 et
1076 1537 1149 1558 non
1177 1525 1367 1559 contristes
1387 1535 1470 1557 eum
1487 1523 1526 1558 in
1545 1523 1620 1558 vita

198 1578 313 1613 illius:
343 1589 377 1615 et
403 1582 431 1615 si
461 1581 630 1618 defecerit
658 1596 775 1626 sensu,
805 1586 949 1620 veniam
978 1586 1032 1620 da.
1058 1587 1114 1620 Ne
1142 1596 1289 1630 spernas
1318 1596 1407 1618 eum
1426 1584 1461 1617 in
1488 1584 1618 1618 virtute

197 1648 278 1674 tua:
308 1640 543 1689 eleemosyna
572 1644 667 1677 enim
694 1645 802 1689 patris
831 1657 903 1679 non
931 1646 996 1680 erit
1023 1647 1058 1679 in
1087 1645 1278 1679 oblivione.
1307 1659 1322 1676 »ι
1352 1644 1437 1678 Ibid.
1464 1645 1542 1678 VII.
1564 1654 1618 1690 29·

201 1709 277 1743 30.:
307 1712 322 1729 «
350 1701 387 1734 In
416 1710 494 1736 toto
522 1703 630 1736 corde
657 1712 719 1737 tuo
748 1703 885 1738 honora
924 1714 1062 1750 patrem
1089 1714 1189 1738 tuum
1230 1713 1264 1738 et
1302 1703 1457 1748 gemitus
1495 1702 1618 1736 matris

198 1767 280 1793 tuae
300 1772 344 1794 ne
363 1761 609 1803 obliviscaris;
631 1773 816 1798 memento
845 1764 939 1809 quod
968 1765 1034 1798 nisi
1062 1775 1124 1809 per
1150 1762 1229 1797 illos
1248 1772 1352 1797 natus
1373 1774 1445 1796 non
1472 1761 1617 1796 fuisses:

199 1827 234 1852 et
262 1820 408 1853 retribue
436 1821 509 1855 illis
536 1822 701 1867 quomodo
730 1823 760 1856 el
789 1823 844 1856 itli'
873 1824 944 1858 tilii.
972 1837 987 1855 υ
1017 1823 1120 1857 Adde
1148 1823 1257 1856 verba
1284 1822 1439 1856 Tobiae:
1469 1833 1485 1852 «
1512 1821 1617 1863 Audi,

198 1876 244 1910 fili
273 1879 332 1919 mi,
361 1880 467 1914 verba
495 1881 566 1914 oris
595 1882 665 1915 mei
687 1891 721 1916 et
749 1894 789 1916 ea
817 1883 851 1915 in
880 1883 986 1916 corde
1015 1891 1087 1924 tuo,
1116 1882 1215 1927 quasi
1235 1880 1509 1916 fundamentum
1528 1892 1617 1915 con-

197 1946 303 1971 strue.
345 1938 437 1971 Cum
480 1941 657 1984 acceperit
682 1942 780 1975 Deus
810 1942 967 1975 animam
995 1952 1124 1981 meam,
1154 1951 1282 1985 corpus
1322 1951 1444 1973 meum
1483 1938 1615 1984 sepeli:

199 2004 232 2029 et
262 1996 438 2031 honorem
466 1998 614 2033 habebis
642 2000 745 2034 matri
773 2009 854 2034 tuae
882 2001 1048 2034 omnibus
1076 2000 1199 2033 diebus
1227 1999 1321 2033 vitae
1348 1998 1445 2032 eius:
1476 2009 1618 2032 memor

200 2055 294 2088 enim
324 2066 402 2089 esse
431 2056 539 2090 debes
568 2069 658 2103 quae
679 2068 714 2093 et
735 2068 866 2104 quanta
885 2058 1039 2104 pericula
1057 2070 1161 2104 passa
1179 2058 1224 2092 sit
1243 2066 1387 2102 propter
1408 2065 1442 2090 te
1460 2057 1496 2090 in
1515 2065 1616 2090 utero

197 2126 273 2149 suo.
304 2116 397 2149 Cum
434 2125 553 2150 autem
589 2127 623 2152 et
659 2119 734 2163 ipsa
773 2118 1009 2160 compleverit
1046 2128 1187 2163 tempus
1215 2118 1310 2151 vitae
1337 2128 1434 2159 suae,
1462 2115 1616 2161 sepelias

198 2185 276 2208 eam
305 2175 398 2209 circa
426 2187 493 2209 me.
522 2190 535 2207 υ

268 2233 323 2277 (2)
351 2233 488 2268 Electio
515 2236 600 2269 certi
630 2245 753 2277 status,
781 2248 871 2282 quae
900 2236 1018 2271 locum
1045 2248 1118 2270 non
1146 2235 1263 2277 habet,
1291 2235 1357 2268 nisi
1385 2233 1528 2279 quando
1555 2245 1613 2268 ra·-

195 2293 245 2326 tio
273 2293 357 2327 satis
387 2302 440 2327 est
466 2293 619 2335 evoluta,
658 2295 790 2339 pendet
817 2308 835 2329 a
862 2295 1048 2329 voluntate
1075 2294 1363 2338 uniuscuiusque.
1403 2293 1526 2337 Itaque
1567 2303 1610 2326 eo

196 2352 231 2385 in
259 2353 408 2397 negotio
436 2362 601 2397 parentes
630 2354 760 2389 debent
799 2354 943 2399 quidem
969 2354 1119 2399 sapienti
1148 2352 1299 2387 consilio
1327 2352 1478 2397 dirigere
1506 2351 1610 2393 filios,

195 2420 378 2456 nequeunt
404 2419 525 2446 tamen
564 2423 625 2447 eos
654 2413 784 2448 invitos
824 2425 954 2460 cogere
996 2413 1038 2448 ad
1078 2422 1215 2447 certum
1254 2420 1386 2447 statum
1412 2412 1506 2446 vitae
1545 2409 1611 2446 eli-

195 2471 363 2516 gendum.
