1705 2787
769 76 819 81 -·
860 52 942 105 338
980 76 1028 81 -

195 157 261 199 scil
295 171 366 198 mc.
403 156 602 211 Insuper,
637 156 737 210 iuri,
773 155 893 213 quod
917 157 1121 213 princeps
1142 155 1271 199 habet
1311 156 1608 214 praecipiendi

195 244 283 269 non
320 239 464 284 potest
499 242 588 268 non
634 227 901 284 respondere
936 229 979 270 in
1015 226 1203 270 subditis
1254 227 1451 271 officium
1486 244 1609 286 prae—

198 312 319 356 cepta
354 299 562 355 principis
599 298 826 355 implendi.

292 388 310 408 «
339 370 553 426 Spernere
578 382 843 426 potestatem
871 369 1130 427 legitimam,
1154 371 1308 428 quavis
1333 386 1428 414 eam
1452 372 1496 414 in
1516 387 1611 429 per-

197 457 303 483 sona
340 456 433 482 esse
468 441 732 496 constiterit,
768 456 857 483 non
904 442 1044 498 magis
1095 442 1208 496 licet,
1257 457 1388 499 quam
1439 442 1611 486 divinae

196 512 415 554 voluntati
453 512 680 554 resistere:
721 513 792 554 cui
827 513 862 554 si
897 514 973 569 qui
1024 514 1254 568 resistunt,
1303 514 1345 555 in
1380 514 1611 556 interitum

196 595 333 625 ruunt
366 582 686 625 voluntarium.
731 584 817 638 Qui
851 584 997 626 resistit
1024 585 1221 640 potestati,
1258 585 1336 627 Dei
1361 585 1613 628 ordinationi

195 655 363 695 resistit:
399 654 467 710 <liii
501 662 631 696 autem
667 655 871 710 resistant,
908 656 984 711 ipsi
1018 654 1095 697 sibi
1138 655 1443 698 damnationem
1476 671 1613 713 acqui-

195 734 288 767 runt
322 724 408 783 (1).
436 743 456 764 »
493 726 555 767 Ita
591 726 681 768 Leo
716 726 835 768 XIII.
871 727 915 768 in
951 728 1091 783 epist„
1126 726 1357 770 Immortale
1391 727 1470 769 Dei
1493 726 1582 785 (2)

312 796 365 838 II.
401 796 645 852 Agendum
680 813 798 840 nunc
824 810 888 840 est
912 797 963 841 de
987 798 1185 855 supremi
1211 799 1271 840 rei
1297 796 1494 854 publicae
1518 813 1613 840 mo-

195 865 409 908 deratoris
444 866 615 910 officiis.
651 869 690 910 Is
727 869 807 911 tria
849 868 979 911 habet
1001 870 1119 912 iura:
1154 868 1320 912 ferendi
1345 870 1476 924 leges,
1501 867 1612 911 iudi-

195 937 321 979 candi
339 950 380 979 et
395 937 677 995 exsequendi.
697 940 754 981 At
775 940 883 994 iura,
904 940 1050 982 utalio
1070 939 1168 982 loco
1192 938 1384 982 diximus
1399 938 1485 997 (3),
1505 938 1612 982 duas

199 1008 243 1049 in
280 1007 439 1049 classes
460 1006 744 1051 dividuntur:
780 1009 861 1051 alia
880 1022 984 1051 sunt
1017 1009 1146 1065 lilmri,
1167 1009 1246 1052 alia
1268 1026 1370 1052 vero
1390 1010 1616 1067 obligatorii

200 1079 411 1121 exercitii.
437 1077 709 1135 Obligatorii
745 1081 938 1122 exercitii
962 1093 1066 1122 sunt
1090 1081 1185 1123 iura
1218 1080 1304 1132 illa,
1342 1096 1452 1138 quae
1485 1081 1612 1123 alicui

198 1149 510 1205 conferuntur,
545 1163 701 1207 utpote
736 1152 979 1193 necessaria
1013 1151 1065 1194 ad
1098 1151 1307 1208 aliquam,
1340 1166 1451 1209 quae
1471 1150 1613 1194 eidem

198 1223 462 1279 imponitur,
497 1221 817 1278 obligationem
864 1223 1149 1279 implendam.
1184 1223 1319 1280 Atqui
1355 1221 1614 1266 huiusmodi

196 1306 300 1336 sunt
319 1294 430 1355 iura,
450 1309 561 1350 quae
596 1294 809 1336 naturalis
834 1295 900 1337 lex
934 1295 1120 1351 principi
1144 1294 1259 1336 civili
1283 1294 1479 1351 largitur.
1501 1294 1614 1337 Sunt

199 1365 363 1407 scilicet
398 1366 508 1419 iura,
542 1380 652 1422 quae
687 1366 723 1407 ei
759 1364 1082 1421 conceduntur,
1117 1377 1272 1422 utpote
1297 1365 1539 1407 necessaria
1562 1363 1615 1407 ad

197 1434 469 1493 implendam
504 1435 639 1492 illam,
675 1452 759 1493 qua
794 1436 1099 1493 adstringitur,
1135 1436 1455 1493 obligationem
1479 1434 1614 1478 addu-

200 1506 326 1550 cendi
362 1508 732 1550 communitatem
768 1507 820 1550 ad
847 1509 1214 1551 consecutionem
1238 1507 1354 1550 finis.
1380 1508 1496 1564 Ergo
1519 1508 1613 1549 iura

198 1592 303 1621 sunt
338 1580 533 1621 exercitii
568 1578 837 1636 obligatorii.
873 1581 1025 1632 Quare
1049 1579 1132 1622 hoc
1159 1592 1222 1622 est
1241 1579 1451 1636 principis
1475 1578 1613 1621 civilis

198 1664 364 1691 munus
400 1661 442 1690 et
477 1648 699 1692 officium:
737 1662 876 1692 rectas
921 1649 1034 1692 ferre
1068 1650 1202 1706 leges,
1251 1650 1364 1691 iusta
1415 1663 1614 1704 pronun-

200 1719 308 1760 tiare
343 1717 517 1774 iudicia,
550 1735 597 1762 ac
632 1721 782 1777 legum
817 1722 1232 1778 sententiarumque
1282 1719 1614 1762 exsecutionem

198 1800 298 1830 actu
336 1803 600 1845 procurare:
637 1790 842 1834 ordinem
887 1792 1160 1833 constituere
1194 1802 1269 1848 per
1303 1790 1436 1846 leges,
1470 1801 1616 1831 custo-

201 1858 292 1901 dire
326 1874 401 1916 per
437 1861 612 1917 iudicia,
648 1877 805 1919 urgere
831 1878 877 1904 ac
902 1861 1123 1905 vindicare
1150 1877 1225 1919 per
1249 1862 1338 1904 vim
1359 1862 1615 1904 coactivam.

292 1931 619 1974 Gravissimum
654 1947 757 1974 sane
792 1944 856 1974 est
890 1931 989 1976 hoc.
1025 1947 1114 1989 quo
1149 1932 1367 1988 principes
1392 1943 1616 1986 tenentur,

205 2000 417 2044 officium.
457 2020 475 2042 ‹<
513 2003 570 2053 Si,
606 2004 681 2060 qui
707 2015 932 2059 praesunt,
962 2001 1222 2045 delabantur
1255 2003 1299 2044 in
1334 2001 1615 2044 dominatum

203 2073 437 2127 iniustum,
472 2074 505 2115 si
546 2074 887 2130 importunitate
937 2072 1194 2130 superbiave
1243 2073 1533 2129 peccaverint,
1581 2073 1616 2114 si

270 2269 322 2309 (Ι)
352 2270 454 2303 Rom.
484 2271 527 2303 Y.
556 2281 584 2304 2.

276 2327 331 2370 (2)
359 2328 412 2361 De
440 2328 663 2362 subditorum
697 2329 824 2364 officiis
851 2329 1035 2375 praeclara
1074 2330 1247 2363 habentur
1287 2329 1323 2362 in
1350 2328 1415 2362 hac
1444 2328 1556 2373 epist„
1583 2335 1620 2361 ut

207 2384 313 2418 ctiam
342 2385 377 2418 in
404 2384 480 2426 alia,
509 2386 724 2419 Diuturnum
756 2387 842 2420 illud
872 2388 1146 2432 teterriniimiqzte
1173 2387 1306 2420 bullum.

275 2443 327 2482 (ζ’)
355 2443 445 2476 Vide
473 2443 542 2476 ml.
572 2444 613 2478 ΙΙ.
640 2456 710 2488 pne
753 2444 794 2476 06

688 2469 808 2486 ΙΨ).
