1705 2787
800 69 853 80 t-e—

681 70 942 112 —1ss-

101 162 314 222 analysim
347 178 424 206 seu
459 178 535 221 per
567 164 684 208 viam
718 162 948 208 divisionis
982 162 1069 223 (1).
1118 189 1172 195 —
1216 162 1417 220 Emergit
1449 175 1526 219 per

103 234 372 293 synthesim,
407 250 510 277 cum
543 250 596 278 ex
629 233 1028 293 praeexistentibus
1063 232 1348 278 societatibus
1374 234 1419 276 in
1444 247 1526 275 suo

104 323 198 350 esse
232 305 601 365 permanentibus
635 307 824 365 amplior
857 308 1043 350 societas
1078 307 1289 364 exsurgit.
1324 305 1524 361 Emergit

101 395 178 437 per
215 366 448 437 analysim‚
481 394 584 422 cum
617 395 669 422 ex
702 380 801 423 sinu
847 381 985 437 ipsius
1035 380 1258 423 societatis
1292 379 1382 421 iam
1415 393 1521 420 con-

103 452 283 494 stitutae
316 450 487 494 diversa
520 450 750 494 dimanant
783 453 1007 494 consortia
1041 453 1266 509 propriam
1300 451 1523 493 actionem

103 521 322 566 habentia:
358 522 443 565 hoc
476 534 626 565 autem
660 538 814 566 rursus
865 523 1028 580 duplici
1077 523 1213 566 modo
1263 523 1523 578 contingere

103 605 264 652 potest.
298 593 347 638 Id
380 595 501 637 enim
545 593 679 637 ‹effici›
701 607 848 651 potest
882 595 950 638 vel
983 596 1023 638 vi
1058 596 1197 652 ipsius
1244 593 1520 637 auctoritatis

102 664 276 708 socialis
310 676 459 708 totum
503 680 662 722 corpus
713 665 873 708 sociale
923 667 967 708 in
1003 678 1146 722 partes
1197 664 1521 718 distribuentis,

102 735 259 780 aliasve
283 751 306 779 a
328 752 373 779 se
398 735 696 794 dependentes
721 737 1066 779 communitates
1093 737 1406 794 componentis
1431 734 1520 793 (2),

102 967 252 1000 motum,
281 969 389 1003 quem
415 958 468 991 vis
497 958 613 1003 aliqua
641 966 786 992 externa
826 959 888 992 toti
933 959 1112 1002 imprimat
1148 958 1257 997 moli;
1298 957 1356 991 ille
1399 966 1524 992 contra

102 1017 258 1062 partibus
286 1025 426 1050 constat
453 1016 707 1061 heterogeneis
749 1025 781 1050 et
821 1016 987 1061 peculiari
1034 1026 1206 1051 structura
1252 1017 1404 1057 donatis,
1434 1028 1524 1061 quae

103 1077 208 1111 insita
235 1077 363 1110 virtute
390 1085 585 1121 operantur
622 1087 686 1121 pro
715 1088 824 1121 scopo
854 1077 1075 1121 singularum
1104 1078 1257 1121 proprio.
1287 1076 1460 1122 Exemplo
1482 1077 1524 1110 sit

102 1147 230 1181 corpus
257 1135 467 1177 humanum,
495 1136 543 1169 sic
571 1136 677 1170 variis
706 1136 914 1169 coalescens
942 1137 1123 1178 membris,
1152 1146 1187 1170 ut
1215 1145 1319 1181 caput
1347 1148 1418 1169 non
1459 1136 1523 1169 sibi

101 1195 255 1229 vindicet
283 1195 442 1229 officium
470 1204 683 1234 ceterorum,
712 1195 775 1229 sed
804 1208 845 1240 ea
872 1205 1011 1229 tantum
1039 1196 1255 1235 moderetur,
1284 1205 1387 1240 prout
1423 1196 1524 1229 inco—

101 1254 241 1288 lumitas
270 1255 377 1300 exigit
405 1255 514 1289 totius
542 1256 748 1300 compositi.
777 1255 845 1289 Vel
889 1257 996 1289 etiam
1039 1256 1203 1301 exemplo
1247 1256 1289 1289 sit
1333 1255 1521 1289 harmonia

102 1313 311 1348 facultatum
337 1314 588 1357 humanarum,
617 1326 708 1360 quae
735 1324 831 1349 certe
859 1316 905 1350 ita
926 1316 1059 1349 unitate
1081 1315 1267 1355 donantur,
1287 1324 1321 1349 ut
1343 1326 1524 1359 suprema,

99 1384 229 1418 nempe
256 1374 358 1416 ratio,
387 1382 524 1408 ceteras
553 1382 664 1419 regat,
693 1374 755 1407 sed
783 1386 1009 1419 nequaquam
1038 1375 1226 1408 absorbeat
1246 1386 1309 1408 nec
1332 1374 1366 1407 in
1387 1374 1439 1407 sui
1456 1373 1520 1407 de-

106 1432 299 1466 rivationes
327 1441 513 1467 convertat
539 1447 568 1467 ».

174 1493 220 1534 (ι)
241 1492 292 1526 Ita
312 1491 504 1537 Taparelli,
532 1493 657 1539 Saggio
680 1505 750 1528 ecc.
778 1494 916 1528 dissert.
936 1494 995 1527 ΠΙ.
1016 1505 1111 1527 num.
1140 1492 1218 1540 696.
1238 1506 1243 1527 :
1266 1506 1281 1523 a
1300 1494 1358 1527 L⁷n
1377 1494 1525 1528 sistema

102 1553 289 1597 ipotattico
318 1551 351 1586 di
379 1553 616 1587 associazioni
656 1555 726 1598 puo
769 1552 932 1588 formarsi
961 1554 994 1586 in
1023 1554 1120 1587 varie
1160 1554 1331 1595 maniere,
1364 1554 1524 1598 potendo

103 1611 274 1646 accadere
303 1623 365 1645 ora
393 1611 458 1645 che
486 1612 495 1645 i
521 1613 697 1646 consorzii
727 1613 901 1646 adunatisi
943 1613 1049 1646 dicno
1090 1612 1235 1646 l’essere
1264 1624 1333 1646 con
1361 1612 1408 1646 tal
1436 1611 1525 1646 fatto

103 1670 170 1705 alla
196 1672 333 1705 societa
360 1672 559 1717 maggiore,
588 1684 650 1706 ora
678 1672 743 1706 che
771 1671 801 1705 la
831 1673 965 1706 societa
995 1673 1180 1717 maggiore
1214 1672 1439 1705 dividendosi
1468 1672 1525 1705 dia

103 1730 241 1775 origine
269 1729 336 1764 alle
362 1730 508 1770 minori,
535 1742 597 1764 ora
625 1730 690 1764 che
718 1731 745 1764 si
774 1731 947 1764 uniscano
977 1731 1153 1764 amendue
1182 1739 1306 1775 queste
1346 1730 1462 1764 forme
1490 1730 1522 1763 di

102 1788 412 1830 subordinazione‚
439 1787 557 1822 talclie
585 1800 631 1822 un
659 1789 861 1822 medesimo
894 1793 978 1822 [also
1008 1788 1140 1822 sociale
1169 1789 1196 1822 si
1217 1789 1308 1822 trovi
1330 1798 1521 1833 composta

103 1860 120 1881 e
149 1848 181 1881 di
210 1859 256 1882 un
284 1849 431 1882 sistema
457 1848 643 1893 ipotattico
670 1849 852 1894 prodotto,
881 1850 956 1882 diro
985 1852 1070 1891 cosi,
1104 1860 1166 1893 per
1192 1849 1249 1882 via
1277 1849 1307 1882 di
1338 1849 1516 1889 di·t'1'51'o1·l‚:,

102 1920 120 1941 e
148 1907 181 1940 di
210 1919 256 1941 un
286 1907 376 1942 altro
412 1908 560 1942 sistema
588 1909 756 1953 prodotto
784 1920 845 1953 per
872 1909 928 1942 via
957 1909 987 1941 di
1017 1909 1275 1954 suntsiosizions.
1303 1922 1318 1939 »
1348 1908 1439 1941 Vide
1468 1917 1521 1942 to—

102 1976 175 2002 tam
202 1967 293 2001 hanc
321 1967 623 2010 dissertationem,
652 1969 861 2013 praesertim
889 1981 974 2001 vero
1004 1969 1157 2013 capA'I.
1179 1967 1233 2001 Cf.
1263 1969 1382 2010 etiam,
1415 1969 1522 2002 Corsi»

101 2027 194 2061 elem..
221 2027 257 2060 di
283 2032 396 2061 natur.
424 2027 542 2070 drino,
571 2028 731 2062 eiusdem
762 2029 916 2062 auctoris
945 2028 963 2061 l.
996 2029 1051 2061 lll.
1083 2040 1110 2061 c.
1145 2039 1173 2061 2.

172 2086 228 2131 (2)
258 2098 274 2116 α
299 2079 337 2129 E,
367 2095 404 2120 ut
430 2086 527 2120 idem
553 2088 669 2133 pergit
696 2097 829 2129 auctor,
858 2088 1034 2121 necessita
1065 2088 1097 2121 di
1126 2096 1251 2122 natura
1281 2087 1311 2121 la
1346 2088 1525 2121 divisione

101 2146 272 2192 organica
299 2145 390 2180 delle
417 2146 544 2191 grandi
571 2147 705 2181 societa
733 2147 766 2179 in
795 2147 970 2180 consorzii
998 2147 1137 2181 minori.
1166 2148 1192 2181 E
1220 2146 1314 2181 collo
1331 2156 1447 2181 stesso
1468 2160 1525 2181 ra—

103 2205 255 2239 ziocinio
281 2206 310 2239 si
337 2208 439 2250 potra
466 2205 690 2247 dimostrare,
719 2205 784 2239 che
813 2218 850 2239 se
879 2206 887 2238 i
916 2206 1091 2239 consorzii
1121 2207 1250 2239 minori
1281 2217 1413 2240 ancora
1442 2218 1525 2240 con-

102 2274 288 2301 tenessero
315 2266 363 2301 tal
389 2277 540 2300 numero
569 2266 601 2300 di
630 2267 727 2307 socii,
756 2266 821 2300 clie
849 2278 1037 2311 superasse
1067 2267 1121 2301 coi
1150 2267 1288 2312 bisogni
1326 2267 1371 2300 da
1399 2266 1522 2301 soddi-

102 2324 195 2359 sfare
222 2324 254 2358 le
284 2324 378 2359 forne
409 2325 441 2358 di
469 2337 514 2359 un
542 2326 612 2359 solo
641 2325 907 2370 provvedstore,
940 2326 1163 2359 dovrebbero
1194 2326 1370 2360 ancli'essi
1399 2327 1522 2360 suddi-

102 2384 232 2418 vidersi
260 2384 295 2418 in
323 2383 400 2419 altri
427 2385 553 2430 gruppi
592 2385 735 2429 vieppiu
776 2384 1008 2426 decrescenti,
1041 2383 1159 2418 finclie
1187 2385 1215 2419 si
1242 2385 1376 2431 giunga
1403 2385 1446 2419 ad
1473 2396 1520 2418 un

101 2454 252 2478 numero
281 2446 308 2477 si
336 2442 499 2481 limitato,
529 2443 593 2477 che
623 2455 778 2488 possano
807 2444 813 2476 i
843 2444 920 2478 suoi
949 2444 1088 2487 bisogni
1118 2444 1162 2478 da
1189 2456 1257 2478 una
1286 2444 1360 2479 sola
1389 2444 1520 2479 intelli-
