1705 2787
675 37 934 82 2—261-2

94 146 186 202 ipsa
221 142 333 187 desit
366 143 564 200 legitima
598 147 823 202 potestas?
859 170 910 174 —-
946 143 992 201 β)
1029 144 1082 186 Et
1117 159 1162 186 re
1196 143 1377 202 quidem
1412 160 1514 188 vera

94 215 190 258 talis
225 213 408 258 rebellio
432 226 496 256 est
520 215 695 258 iniuria.
721 216 876 271 Primo,
901 227 966 257 est
988 216 1150 258 iniuria
1174 216 1219 258 in
1253 217 1515 274 principem,

51 279 53 281 ¹
97 288 174 344 qui
207 285 405 343 privatur
440 301 524 328 usu
560 301 635 328 seu
671 285 914 343 impeditur
960 287 1004 329 in
1039 288 1248 330 exercitio
1283 303 1516 345 supremae

95 357 340 415 potestatis,
365 371 500 414 quam
525 357 643 399 iusto
669 357 801 400 titulo
822 357 1031 415 possidet.
1056 358 1251 415 Seczmdo,
1271 372 1335 402 est
1355 360 1517 403 iniuria

94 432 138 473 in
174 444 331 473 omnes
366 428 473 471 alios
509 429 727 485 subditos,
762 431 838 487 qui
872 445 955 472 suo
999 429 1201 486 legitimo
1245 431 1434 487 principi
1469 430 1517 474 si-

95 502 211 545 deles
248 511 446 556 manent,
480 502 646 558 quique
680 502 749 543 ius
786 499 949 543 habent
983 513 1031 543 ut
1055 499 1106 542 ab
1132 501 1226 557 illo,
1252 517 1343 544 non
1367 514 1518 545 autem

95 573 147 617 ab
181 573 267 616 alio
302 587 588 630 quocumque
623 571 946 634 gubernentur.
992 571 1138 628 Tertio,
1175 585 1239 615 est
1263 573 1439 627 iniuria,
1466 589 1517 616 ex

95 660 181 702 qua
215 656 447 701 tamquam
480 658 533 685 ex
565 642 687 686 fonte
722 642 925 686 derivant
949 644 1210 686 innumerae
1244 644 1352 687 aliae
1379 646 1517 687 inius-

94 717 232 771 titiae,
277 726 324 758 ut
348 715 465 783 pacis
490 713 783 771 perturbatio,
808 716 989 757 amissio
1015 716 1280 772 securitatis,
1305 731 1512 759 commu-

94 788 243 830 nitatis
278 787 323 829 in
358 786 584 843 oppositas
620 785 832 828 factiones
868 788 1035 837 scissio,
1071 788 1238 830 iactura
1274 804 1515 831 munerum

94 858 145 901 ad
180 873 291 915 quae
326 872 491 914 magno
526 872 628 899 cum
674 856 821 900 labore
872 859 969 915 quis
1020 859 1234 914 pervenit,
1284 859 1415 915 furta,
1450 875 1516 902 ca-

95 931 306 985 lumniae,
341 929 482 984 exilia,
518 928 669 972 caedes
710 941 790 971 etc.
836 930 953 971 Haec
988 930 1104 971 enim
1158 930 1329 988 aliaque
1365 932 1516 988 iniqua

93 1001 302 1057 facinora,
340 1016 452 1058 quae
486 1001 528 1043 in
569 1000 889 1044 rebellionibus
940 1017 1189 1059 numquam
1239 1018 1328 1045 non
1366 1018 1515 1059 perpe-

96 1085 285 1128 trantur,
319 1084 425 1114 sunt
459 1071 660 1129 profecto
695 1071 955 1129 imputanda
991 1072 1248 1116 auctoribus
1294 1086 1335 1116 et
1371 1073 1513 1116 fauto-

96 1142 218 1186 ribus
253 1142 452 1185 civilium
487 1141 777 1185 seditionum.

184 1215 333 1271 Agens
369 1229 402 1255 ε.
438 1212 639 1255 Thomas
674 1212 747 1272 (Ι)
782 1212 833 1256 de
868 1226 1060 1270 tyranno
1086 1215 1315 1271 regiminis
1343 1227 1511 1269 monet,

98 1298 144 1329 ut
169 1286 368 1342 tyrannis
393 1284 624 1340 toleretur,
644 1297 750 1327 tunc
775 1286 907 1327 etiam
933 1284 1112 1343 quando
1139 1286 1385 1342 praevalere
1412 1287 1510 1343 quis

94 1358 234 1415 possit
267 1369 421 1399 contra
446 1368 714 1417 tyrannum.
766 1358 889 1399 Hanc
925 1370 1075 1400 autem
1110 1370 1279 1414 praeter
1315 1358 1420 1399 alias
1456 1356 1514 1399 af-

94 1427 174 1470 fert
211 1428 454 1470 fationem:
494 1426 759 1484 «siquidem
794 1444 843 1469 ex
881 1427 961 1469 hoc
987 1428 1081 1484 ipso
1107 1428 1377 1484 proveniunt
1402 1428 1515 1470 mul-

93 1501 224 1542 toties
259 1499 545 1555 gravissimae
580 1497 880 1541 dissensiones
917 1500 960 1541 in
996 1499 1176 1555 populo,
1212 1500 1301 1541 sive
1337 1498 1442 1542 dum
1469 1500 1514 1542 in

94 1584 335 1629 tyrannum
372 1570 639 1627 insurgitur,
689 1571 779 1612 sive
830 1583 928 1627 post
977 1570 1272 1614 deiectionem
1321 1572 1514 1628 tyranni,

93 1659 197 1686 cum
231 1657 333 1699 erga
367 1640 699 1684 ordinationem
735 1643 964 1698 regiminis
1001 1641 1245 1684 multitudo
1281 1655 1511 1698 separatur

93 1716 138 1757 in
172 1726 378 1770 partes.»
416 1714 476 1770 Si,
512 1730 564 1756 ne
602 1712 858 1755 huiusmodi
908 1714 1163 1756 exoriantur
1212 1713 1511 1756 dissensiones

93 1797 226 1843 atque
260 1785 496 1828 scissiones
532 1785 577 1827 in
612 1784 794 1841 popuIO,
821 1783 1047 1826 toleranda
1072 1796 1135 1826 est
1161 1784 1251 1840 ipsa
1278 1785 1511 1840 regiminis

94 1857 319 1914 tyrannis3
354 1855 498 1898 multo
533 1856 688 1911 magis,
726 1870 777 1897 ne
823 1854 1059 1897 concordia
1110 1856 1222 1897 inter
1273 1857 1386 1899 cives
1423 1856 1513 1898 ullo

95 1941 221 1986 pacto
256 1928 566 1974 imminuatur,
603 1925 921 1983 relinquendus
958 1940 1020 1968 cst
1056 1928 1258 1983 princeps
1286 1928 1513 1983 legitimus

95 2001 137 2043 in
165 1999 344 2057 pacifica
364 2000 645 2056 possessione
670 2000 961 2054 auctoritatis,
977 2015 1112 2056 quam
1134 2013 1248 2042 recte
1264 2002 1366 2042 satis
1384 2016 1430 2042 ac
1448 2017 1512 2043 sa-

94 2072 263 2128 pienter
288 2083 473 2113 exercet.

181 2144 334 2200 Itaque
368 2143 530 2190 iniuste
566 2157 745 2198 prorsus
779 2154 931 2195 agunt,
973 2147 1048 2198 if)
1085 2143 1126 2193 ii,
1147 2144 1222 2199 qui
1258 2159 1419 2187 novam
1449 2160 1511 2186 re-

92 2215 271 2270 giminis
305 2213 496 2256 formam
531 2213 743 2255 alterutra
779 2225 897 2268 parte
924 2215 1059 2255 invita
1095 2213 1377 2257 introducere
1417 2228 1510 2258 ten-

163 2421 213 2466 ξι)
241 2423 292 2455 De
322 2423 462 2461 Regini.
491 2422 605 2455 Prin-1.
635 2421 654 2453 l.
690 2432 715 2454 i.
748 2433 774 2454 ς.
806 2420 834 2452 (3.
