1705 2787
771 79 1000 119 —26-

175 186 426 228 constituens
459 185 708 241 aequitatem
742 184 846 226 inter
878 182 1025 238 plures.
1062 199 1082 222 »
1121 181 1222 224 Vult
1264 195 1413 238 nempe
1455 194 1600 226 natura

176 257 393 299 hominem
427 255 477 299 ad
510 255 827 297 convenientem
860 268 1026 295 suarum
1051 252 1289 295 facultatum
1313 251 1603 296 evolutionem

175 339 296 383 atque
329 341 560 381 congruam
593 337 683 367 tum
716 324 901 379 corporis
923 335 1013 364 tum
1047 324 1172 364 animi
1195 322 1491 378 perfectionem
1513 337 1600 379 per·

176 399 315 440 venire
334 413 405 454 per
422 397 608 439 scientias
627 406 732 437 artes
751 395 1032 449 virtutumque
1050 394 1302 434 exercitium.
1320 393 1448 448 Atqui
1467 391 1602 435 homo

176 469 379 511 solitarius
413 467 452 511 id
485 467 641 523 assequi
675 466 829 521 nequit,
855 476 989 521 potest
1013 476 1151 506 autem
1174 464 1359 506 obtinere
1383 465 1541 506 iunctus
1562 474 1601 506 et

177 541 434 581 consociatus
477 554 571 580 cuni
616 536 715 578 aliis.
760 535 872 590 Ergo
906 546 1048 577 natura
1080 534 1298 576 hominem
1331 534 1380 578 ad
1412 546 1601 576 mutuam

178 608 408 652 habendam
433 623 527 650 cum
550 606 636 649 aliis
660 604 899 647 hominibus
922 605 1347 647 communicationem
1365 603 1540 647 ordinat.

266 680 318 722 Y.
367 679 596 734 Arguimus
651 677 786 733 quinto
839 691 889 717 ex
942 674 1130 717 facultate
1185 674 1381 731 loquendi
1432 685 1472 716 et
1536 688 1602 716 au-

178 749 412 808 diendi(1).
447 775 499 779 —-
538 767 557 788 «
593 748 766 790 Donum
799 746 996 803 loquendi
1028 759 1067 788 et
1100 746 1303 799 audiendi,
1338 745 1378 789 id
1410 757 1483 799 est,
1515 759 1604 802 per·

175 822 350 877 cipiendi
382 822 567 865 distincte
600 818 735 871 verba,
770 833 972 875 quorsum
1005 818 1168 860 homini
1215 817 1415 859 collatum
1446 829 1517 870 est,
1569 817 1602 860 si

177 891 319 934 debeat
352 892 556 933 solitarius
579 890 744 932 vivere?
768 906 787 928 >›
824 888 874 931 Et
906 904 1002 931 sane
1026 888 1075 931 ad
1099 888 1196 945 quid
1219 900 1362 930 natura
1385 887 1606 931 hominem

176 962 352 1015 ordinet,
385 975 493 1005 recte
526 961 783 1018 dignoscitur
815 976 865 1002 ex
898 959 1168 1012 facultatibus,
1203 958 1348 1016 quibus
1381 958 1602 1002 hominem

177 1031 316 1075 donat.
349 1033 455 1075 Fieri
487 1033 599 1074 enim
631 1031 786 1087 nequit,
810 1042 853 1072 ut
877 1029 1097 1072 hominem
1121 1045 1206 1071 non
1230 1029 1393 1072 ordinet
1415 1028 1466 1072 ad
1488 1028 1601 1082 illud,

179 1102 227 1146 ad
261 1103 374 1159 quod
396 1102 619 1155 facultates,
643 1100 789 1158 quibus
811 1116 908 1143 eum
930 1101 1104 1152 instruit,
1129 1099 1389 1142 essentialem
1411 1097 1607 1142 ordinem

179 1173 343 1216 habent.
385 1175 513 1231 Atqui
570 1173 733 1216 homini
780 1187 876 1228 prae
923 1172 1066 1214 ceteris
1115 1170 1358 1213 animalibus
1391 1169 1519 1213 donat
1550 1168 1611 1212 fa-

178 1245 346 1288 cultates
377 1245 575 1302 loquendi
606 1256 645 1287 et
678 1242 885 1295 audiendi,
919 1255 958 1285 et
991 1241 1067 1285 liae
1100 1241 1311 1284 facultates
1344 1239 1606 1283 essentialem

180 1315 331 1359 habent
364 1316 555 1359 ordinem
587 1315 637 1358 ad
670 1316 799 1357 vitam
831 1313 1040 1356 socialem.
1075 1313 1188 1369 Ergo
1221 1324 1365 1354 natura
1386 1311 1604 1354 hominem

179 1404 274 1445 prae
321 1389 464 1430 ceteris
506 1384 748 1430 animalibus
792 1384 954 1429 ordinat
987 1384 1038 1428 ad
1070 1385 1200 1426 vitam
1241 1382 1450 1426 socialem.
1497 1381 1607 1425 Con-

180 1458 307 1501 clusio
341 1468 399 1501 eSt
432 1458 551 1511 clara,
584 1458 661 1499 nisi
693 1456 827 1500 dicere
861 1455 961 1498 velis
996 1467 1185 1497 naturam
1216 1466 1371 1497 temere
1395 1466 1434 1496 et
1456 1453 1606 1496 frustra

183 1532 354 1587 operari,
398 1530 698 1585 hominemque
746 1543 832 1570 esse
878 1526 1196 1569 tumultuarium
1243 1538 1281 1568 et
1329 1525 1610 1582 incogitatum

183 1617 286 1658 opus
318 1601 398 1660 (2).

254 1751 309 1794 (Ι)
336 1751 446 1784 Recte
473 1750 587 1794 arguit
616 1749 830 1794 Tongiorgi‚
856 1749 936 1782 Eth.
964 1760 1060 1781 num.
1089 1758 1169 1792 432.
1209 1756 1254 1789 4.,
1293 1758 1366 1780 non
1404 1745 1522 1780 solum
1563 1757 1605 1780 ex

182 1808 347 1843 facultate
374 1809 553 1855 loquendi,
580 1820 668 1854 quae
697 1817 748 1842 est
776 1807 1008 1842 essentialiter
1034 1807 1185 1848 socialis,
1211 1806 1273 1840 sed
1293 1817 1335 1839 ex
1354 1806 1430 1850 ipso
1449 1805 1607 1839 hominis

183 1868 361 1913 adspectu.
391 1881 408 1899 «
435 1868 563 1902 Vultus
591 1876 625 1901 et
651 1866 744 1901 oculi
771 1878 853 1901 vere
880 1866 989 1900 animi
1015 1866 1210 1911 imaginem
1238 1864 1417 1905 exhibent,
1441 1862 1604 1909 nullaque

185 1935 235 1961 est
262 1928 386 1961 intima
412 1927 565 1968 affectio,
584 1920 709 1960 vnullus
737 1925 899 1960 occultus
925 1934 1056 1966 motus,
1083 1925 1139 1970 qui
1167 1924 1265 1958 vultu
1292 1931 1325 1957 et
1353 1923 1464 1957 oculis
1502 1931 1606 1968 atque

185 1986 274 2019 adeo
302 1987 404 2020 variis
432 1986 677 2019 membrorum
704 1985 859 2018 motibus
885 1996 959 2018 non
985 1984 1214 2030 significetur,
1240 1983 1288 2016 ita
1312 1991 1349 2016 ut
1376 1993 1502 2016 omnes
1533 1993 1607 2027 per-

185 2045 317 2089 spicere
345 2046 490 2089 possint,
516 2056 621 2091 quem
649 2044 818 2078 affectum
846 2044 933 2078 alter
951 2044 1072 2078 animo
1092 2043 1306 2088 conceperit,
1333 2053 1399 2087 qua
1417 2041 1607 2087 cupiditate

185 2105 347 2149 agitetur,
374 2104 455 2149 quid
483 2105 628 2150 cogitet,
654 2104 737 2149 quid
764 2103 861 2138 velit.
889 2104 956 2138 Hic
982 2112 1102 2137 autem
1141 2111 1259 2136 mutus
1297 2113 1415 2136 sermo
1453 2100 1615 2135 luculen-

186 2163 322 2196 tissimo
350 2164 481 2197 indicio
498 2172 560 2203 est,
576 2164 761 2197 hominem
781 2163 822 2197 ad
844 2171 1004 2196 mutuam
1023 2174 1103 2195 cum
1122 2161 1197 2195 aliis
1215 2161 1420 2194 hominibus
1445 2170 1614 2194 commu-

186 2222 403 2256 nicationem
430 2231 551 2255 natum
578 2221 779 2267 factumque
800 2234 875 2256 esse
895 2230 998 2267 atque
1025 2222 1066 2255 ab
1082 2221 1154 2266 ipsa
1169 2229 1291 2254 natura
1309 2220 1351 2254 ad
1370 2220 1403 2253 id
1422 2218 1566 2253 institui.
1585 2231 1603 2250 »

257 2282 312 2325 (2)
343 2295 359 2312 «
379 2281 475 2314 Scias
493 2292 567 2314 non
595 2292 670 2315 esse
685 2281 872 2315 hominem
889 2280 1157 2314 tumultuarium
1174 2288 1207 2314 et
1222 2279 1457 2325 incogitatum
1472 2289 1569 2323 opus.
1585 2289 1604 2309 »

187 2339 323 2374 Seneca
349 2340 392 2373 de
418 2339 535 2373 benef.
563 2339 584 2372 l.
612 2340 674 2373 VI.
694 2352 723 2373 c.
751 2350 805 2384 23.
825 2341 868 2374 Et
895 2340 1027 2373 ibidem
1054 2338 1158 2384 paulo
1185 2339 1360 2384 superius:
1390 2351 1408 2370 «
1430 2336 1610 2383 chitavit

186 2410 253 2433 nos
278 2408 358 2433 ante
386 2407 509 2432 natura
536 2410 641 2444 quam
669 2398 776 2440 fecit,
804 2410 868 2433 nec
895 2407 967 2432 tam
995 2398 1073 2432 leve
1101 2409 1187 2443 opus
1213 2409 1344 2439 sumus,
1370 2405 1407 2431 ut
1432 2395 1482 2430 illi
1507 2403 1617 2442 pote—

187 2459 296 2493 rimus
325 2459 498 2493 excidere.
517 2471 535 2490 »
