1705 2787
129 172 215 218 Res
249 170 371 213 enim
393 184 446 212 eo
469 167 649 212 tandem
673 168 800 226 redit,
825 181 873 213 ut
896 170 994 228 quis
1019 183 1122 211 cum
1145 183 1238 211 non
1262 166 1402 226 possit
1424 181 1549 210 suam

128 241 386 286 felicitatem
420 255 468 282 ac
501 239 645 283 media
678 241 771 298 ipsa
803 239 855 284 ad
879 238 1227 283 conservandam
1249 240 1385 282 vitam
1409 238 1549 295 magis

128 312 371 357 necessaria
390 311 476 353 alio
495 310 671 354 meliori
688 311 825 354 modo
845 311 927 355 sibi
945 326 1198 369 procurare,
1217 309 1393 353 ordinet
1417 323 1550 352 usum

128 399 309 427 suarum
342 383 506 425 virium
529 396 606 425 seu
631 382 777 440 aliqua
805 399 937 440 opera
970 385 1014 426 in
1049 381 1341 426 commodum
1370 381 1548 424 alterius

128 471 150 498 a
164 470 252 513 quo
287 465 517 511 tamquam
552 452 745 496 debitam
781 453 1123 497 retributionem
1158 454 1336 510 recipiat
1356 468 1418 508 ea,
1438 467 1548 509 quae

129 524 180 569 ad
213 525 349 569 vitam
394 525 712 567 convenienter
761 524 1033 583 feliciterque
1077 524 1323 568 ducendam
1372 535 1476 566 sunt
1510 523 1548 564 ei

129 597 386 640 necessaria.
420 596 498 639 Est
531 611 634 638 saue
668 597 838 639 licitum
875 597 1062 653 homini,
1096 612 1221 639 suam
1241 597 1470 654 exquirere
1489 594 1548 637 fe—

129 668 339 711 licitatem
374 666 617 710 exserendo
652 683 751 710 suas
787 669 899 710 vires
934 667 1392 725 suasquefacultates:
1428 664 1547 724 quod

129 738 208 782 hae
243 753 333 781 non
367 737 546 794 directe,
580 737 655 782 sed
680 738 892 781 indirecte
916 739 958 781 in
984 737 1201 782 felicitatis
1228 738 1428 796 propriae
1453 752 1547 778 sco-

128 827 235 868 pum
270 822 527 854 exserantur
551 826 627 853 seu
648 823 948 866 exerceantur,
970 811 1051 853 hoc
1076 826 1179 853 sane
1204 809 1545 868 haudquaquam

128 895 193 926 est
227 882 446 926 illicitum.

220 954 271 996 Et
307 969 351 996 re
386 952 567 1011 quidem
603 969 717 1007 vera,
753 969 936 997 curnam
974 954 1013 997 id
1049 966 1161 996 esset
1196 953 1442 996 illicitum?
1493 978 1544 982 —-

126 1026 263 1070 Dices:
299 1025 401 1083 quia
434 1026 703 1068 amittuntur
739 1026 831 1067 iura
868 1025 1095 1067 naturalia.
1133 1026 1260 1081 Nego:
1297 1039 1449 1066 servus
1482 1038 1545 1065 re-

127 1099 237 1140 tinet
271 1112 355 1140 esse:
389 1096 563 1139 hominis
599 1112 673 1138 seu
712 1104 903 1138 naturam
938 1096 1129 1147 lwtnlnir,
1164 1107 1205 1137 et
1242 1093 1426 1151 proinde
1451 1094 1544 1136 iura

127 1168 277 1211 omnia
311 1183 421 1225 quae
455 1183 548 1209 esse
583 1165 691 1209 illud
726 1167 793 1209 vel
827 1181 922 1209 eam
958 1178 1162 1208 naturam
1188 1176 1541 1222 consequuntur.

128 1266 179 1271 -—
216 1241 351 1283 Dices:
387 1240 489 1296 quia
522 1239 744 1281 amittitur
778 1239 1082 1295 personalitas.
1119 1238 1247 1294 Nego:
1283 1251 1434 1279 servus
1456 1251 1546 1277 ma-

127 1324 200 1354 net
233 1312 502 1369 principium
527 1310 802 1368 completum
826 1326 1007 1353 suarum
1033 1311 1362 1367 operationum,
1386 1310 1429 1351 in
1456 1323 1544 1365 quo

126 1384 331 1426 consistit
364 1382 670 1440 personalitas.
692 1409 744 1413 —
764 1384 900 1426 Dices:
936 1383 1036 1440 quia
1062 1381 1301 1439 impeditur
1327 1380 1544 1422 assecutio

127 1453 226 1497 finis
252 1455 412 1497 ultimi.
433 1454 562 1511 Nego:
588 1470 739 1497 servus
760 1466 905 1512 potest
925 1454 1063 1497 multa
1083 1452 1337 1496 immediate
1357 1450 1544 1508 dirigere

125 1525 169 1567 in
204 1524 341 1568 finem
375 1525 601 1581 ultimum,
636 1537 677 1568 et
712 1525 782 1568 illa
816 1526 907 1582 ipsa
943 1540 1052 1582 quae
1087 1523 1261 1566 ordinat
1288 1521 1543 1565 immediate

125 1595 169 1637 in
205 1593 374 1637 bonurn
408 1594 587 1638 alterius
624 1594 836 1650 hominis,
871 1606 1017 1652 potest
1051 1592 1240 1635 mediate
1274 1592 1479 1634 ordinare
1499 1592 1542 1633 in

124 1664 259 1707 ffnem
295 1664 520 1708 ultimum:
557 1681 647 1707 non
684 1677 829 1722 potest
865 1664 978 1721 adigi
1014 1662 1065 1706 ad
1091 1663 1273 1713 malum,
1298 1678 1441 1720 neque
1462 1662 1543 1703 im-

125 1734 264 1792 pediri
282 1736 524 1793 quominus
546 1735 659 1778 bona
684 1736 927 1793 spiritualia
958 1734 1113 1778 mediis
1139 1750 1160 1776 a
1184 1734 1398 1791 religione
1421 1748 1542 1790 prae—

124 1806 297 1868 scriptis
332 1805 414 1848 sibi
448 1818 670 1863 procuret‚
705 1818 779 1847 aut
813 1806 1055 1863 quominus
1090 1804 1231 1847 officia
1257 1804 1407 1846 omnia
1441 1817 1541 1859 erga

124 1875 270 1918 Deum
303 1891 404 1932 erga
438 1892 483 1917 se
517 1889 559 1919 et
583 1877 838 1933 proximum
863 1876 1055 1932 impleat.
1073 1902 1124 1905 —
1151 1876 1286 1917 Dices:
1313 1874 1415 1930 quia
1439 1888 1542 1915 ven-

124 1943 242 1988 ditur
275 1961 351 1989 seu
386 1946 601 1989 alienatur
636 1946 828 2001 libertas,
864 1962 972 2003 quae
1009 1959 1073 1988 est
1107 1943 1413 1987 inalienabilis.
1465 1945 1542 1986 Di-

123 2017 295 2073 stinguo:
332 2017 423 2074 ipsa
457 2016 638 2060 facultas
675 2018 902 2069 naturalis,
938 2032 1067 2074 quam
1106 2031 1316 2058 vocamus
1353 2013 1538 2057 liberum

123 2086 357 2132 arbitrium
390 2105 466 2131 seu
504 2089 770 2145 libertatem,
796 2101 859 2131 est
882 2087 1171 2130 inalienabilis
1196 2102 1304 2129 conc.
1328 2086 1540 2129 libertatis

126 2175 231 2202 usus
256 2175 331 2203 seu
367 2162 628 2204 exercitium
666 2162 707 2203 in
746 2161 827 2203 hoc
865 2160 1024 2203 laboris
1050 2176 1210 2217 genere
1236 2157 1440 2215 eligendo
1464 2167 1542 2215 po-

123 2230 210 2272 tius
245 2246 379 2288 quam
413 2231 506 2287 illo,
540 2233 584 2274 in
621 2247 752 2289 opere
788 2231 1072 2289 exsequendo
1098 2231 1174 2274 hac
1202 2231 1372 2273 ratione
1392 2230 1540 2288 potius

122 2316 254 2358 quam
288 2301 374 2358 illa,
410 2303 452 2345 in
488 2304 632 2360 operis
669 2302 911 2346 directione
967 2302 1017 2346 ad
1069 2303 1185 2345 hunc
1230 2300 1541 2344 immediatum

122 2387 307 2430 scopum
342 2375 490 2431 potius
525 2390 658 2432 quam
703 2375 825 2417 illum
877 2390 1014 2432 aeque
1059 2373 1382 2417 indifferentem
1426 2387 1539 2429 nego.

126 2442 397 2488 Huiusmodi
451 2446 709 2488 exercitium
760 2461 943 2503 possum
986 2446 1189 2499 alienare3
1224 2447 1250 2488 i.
1285 2460 1319 2489 e.
1355 2459 1539 2502 possum
