1705 2787
760 72 988 115 ....)2—..

167 178 366 223 quaeque
401 177 558 222 sponte
593 165 813 207 enascitur
837 181 887 207 ex
921 175 1038 208 arcta
1061 164 1133 207 illa
1158 161 1584 220 communicatione,

168 251 301 292 quam
335 235 441 277 alter
475 236 543 277 sui
575 235 713 291 ipsius
754 233 854 277 facit
887 234 1027 291 alteri,
1061 233 1104 277 id
1138 235 1381 292 opponitur
1425 248 1584 276 conve-

167 306 305 348 nienti
339 306 472 348 statui
507 321 552 347 ac
587 304 847 362 perfectioni
882 305 1093 361 coniugii.
1128 306 1266 363 Atqui
1299 304 1396 347 talis
1431 319 1583 361 reapse

167 389 232 419 est
251 377 490 419 intrinseca
525 376 802 418 matrimonii
827 373 1088 419 solubilitas:
1114 375 1206 418 sola
1228 376 1347 418 enim
1372 374 1583 431 cogitatio

163 447 231 491 vel
279 448 472 504 suspicio
523 446 782 503 hypothesis
832 445 1104 489 obventurae
1152 445 1386 504 (obvenire
1435 457 1585 488 autem

166 530 314 575 posset
349 518 480 559 etiam
515 532 590 574 per
625 533 670 558 se
703 518 730 559 i.
767 533 801 559 e.
836 515 1000 574 absque
1034 518 1143 560 vitio
1178 527 1220 560 et
1253 517 1380 574 culpa
1404 516 1583 559 alterius

168 589 394 647 coniugis)
429 588 480 631 de
514 589 774 630 rescissione
794 589 958 631 vinculi
977 589 1189 632 maritalis
1224 602 1434 632 mutuum
1458 589 1586 632 illum

168 675 367 702 amorem
403 659 468 701 vel
502 660 689 701 omnino
724 660 1002 716 extingueret
1036 660 1105 703 vel
1138 673 1254 703 certe
1287 659 1410 703 valde
1435 658 1586 703 debili-

170 742 295 773 taret.
331 730 449 786 Ergo
483 730 721 774 intrinseca
746 731 1022 773 matrimonii
1046 730 1293 774 solubilitas
1327 742 1475 789 aperte
1510 746 1587 788 op-

170 802 352 858 ponitur
378 801 661 843 convenienti
695 802 831 843 statui
856 813 897 843 et
921 800 1181 858 perfectioni
1215 803 1507 846 matrimonii:
1541 818 1588 845 ac

167 872 354 930 proinde
389 888 481 915 non
514 871 765 915 admittitur
799 871 850 915 ab
884 873 956 915 illa
989 874 1178 916 naturali
1211 874 1322 931 lege,
1346 890 1459 932 quae
1492 874 1588 918 vult

168 944 430 1000 coniugium
465 942 574 986 bene
609 944 1015 1001 convenienterque
1050 960 1143 986 esse
1178 944 1266 1004 (Ι).

315 1015 360 1073 la)
394 1016 594 1072 insuper,
630 1027 677 1057 ut
711 1027 964 1058 contractus
999 1016 1211 1058 maritalis
1249 1015 1357 1059 bene
1391 1032 1437 1059 ac
1484 1032 1588 1059 con-

168 1087 396 1130 venienter
431 1102 476 1128 se
510 1085 681 1143 habeat,
716 1099 893 1143 oportet
925 1098 972 1129 ut
1007 1088 1062 1129 sit
1099 1086 1506 1145 (quemadmodum
1539 1089 1587 1131 in

170 1159 400 1216 superiore
434 1158 548 1201 thesi
581 1159 668 1201 iam
702 1157 919 1217 diximus)
965 1174 1016 1201 ex
1068 1172 1190 1216 parte
1241 1172 1442 1217 utraque,
1492 1172 1589 1203 tum

170 1231 252 1273 viri
286 1242 383 1273 tum
418 1230 632 1285 mulieriS,
667 1230 872 1287 aequalis.
908 1231 1059 1287 Atqui,
1107 1232 1254 1287 posito
1299 1232 1588 1277 matrimonio

172 1300 366 1357 solubili,
390 1301 477 1343 iam
502 1300 721 1358 praedicta
745 1301 817 1343 illa
850 1302 1088 1358 aequalitas
1122 1303 1167 1344 in
1202 1314 1431 1346 contractu
1458 1303 1590 1345 mari-

171 1374 245 1416 tali
279 1388 370 1415 non
403 1372 652 1415 haberetur.
686 1373 802 1416 Nam
828 1374 981 1430 primo,
1015 1374 1175 1417 mulier
1210 1390 1301 1417 non
1337 1386 1486 1432 posset
1528 1375 1590 1418 vi-

173 1460 272 1488 rum
303 1444 541 1488 dimittere:
563 1445 665 1502 quia
688 1445 849 1487 mulier
883 1445 1142 1488 naturaliter
1177 1458 1242 1488 est
1275 1445 1472 1489 subiecta
1494 1446 1590 1489 viro

172 1529 400 1575 tamquam
448 1516 750 1574 gubernatori.
789 1534 808 1557 «
845 1517 950 1561 Non
985 1530 1050 1560 est
1084 1530 1248 1575 autem,
1282 1519 1341 1561 ait
1387 1534 1420 1561 S.
1466 1517 1590 1561 Tho-

172 1603 265 1630 mas
299 1587 387 1646 (2),
421 1589 465 1630 in
500 1600 718 1645 potestate
752 1589 861 1644 eius,
896 1589 971 1646 qui
1006 1589 1130 1631 alteri
1164 1588 1412 1646 subiicitur,
1457 1601 1505 1632 ut
1538 1587 1590 1632 ab

172 1661 265 1703 eius
299 1661 516 1717 regimine
549 1659 755 1703 discedat.
792 1660 961 1703 Contra
1008 1661 1255 1704 naturalem
1304 1663 1440 1718 igitur
1474 1660 1591 1704 ordi-

173 1746 276 1773 nem
311 1744 439 1787 esset,
488 1733 524 1774 si
571 1732 731 1775 mulier
779 1732 926 1775 virum
975 1731 1175 1775 deserere
1228 1745 1420 1790 posset.»
1472 1733 1590 1789 Ergo

172 1802 487 1846 tantummodo
521 1804 585 1847 vir
619 1816 768 1861 posset
802 1803 1002 1847 deserere
1050 1804 1300 1847 mulierem.
1351 1804 1435 1848 Sed
1469 1817 1590 1861 tunc,

171 1875 315 1932 pergit
348 1874 465 1918 idem
498 1892 531 1918 s.
565 1877 750 1933 Doctor,
788 1893 807 1916 ‹<
844 1892 936 1919 non
971 1889 1084 1919 esset
1118 1892 1255 1934 aequa
1289 1878 1475 1919 societas
1509 1877 1591 1919 viri

172 1946 224 1989 ad
258 1947 507 2004 mulierem,
542 1947 617 1990 sed
651 1949 840 1991 servitus
875 1947 1091 2005 quaedam
1116 1963 1168 1990 ex
1200 1960 1321 2005 parte
1344 1948 1587 1990 mulieris.»

173 2019 401 2062 Praeterea
434 2020 623 2076 secundo,
657 2032 757 2078 post
791 2019 1033 2064 divortium
1066 2020 1263 2063 conditio
1282 2020 1480 2063 mulieris
1499 2034 1591 2062 non

173 2089 286 2133 foret
320 2090 472 2134 eadem
505 2107 552 2134 ac
586 2091 784 2135 conditio
818 2093 914 2135 viri.
948 2093 1032 2135 Hic
1066 2093 1186 2135 enim
1209 2092 1429 2135 inveniret
1452 2090 1590 2148 facile,

246 2291 292 2331 (1)
320 2289 396 2323 Huc
424 2287 505 2323 facit
532 2289 616 2324 illud
643 2301 669 2325 s.
698 2290 876 2331 Thomae‚
900 2300 1010 2326 contr.
1039 2300 1134 2337 gent.
1162 2290 1182 2325 1.
1210 2290 1268 2326 III.
1290 2302 1318 2326 c.
1342 2300 1414 2337 123.
1433 2303 1439 2325 :
1460 2303 1475 2321 a
1494 2289 1594 2325 Ami-

174 2345 256 2382 citia
283 2356 415 2393 quanto
443 2349 558 2382 maior
585 2357 648 2391 est,
675 2358 775 2384 tanto
804 2350 908 2384 debet
936 2360 1015 2384 esse
1041 2350 1178 2385 firmior
1206 2359 1239 2384 et
1266 2350 1474 2385 diuturnior.
1495 2349 1592 2384 Inter

174 2406 290 2440 ‘virum
317 2414 436 2441 autem
463 2416 497 2441 et
523 2419 671 2442 uxorem
697 2410 853 2443 maxima
882 2409 1036 2444 amicitia
1063 2420 1142 2444 esse
1168 2409 1352 2444 videtur.»

248 2466 296 2501 (2)
325 2465 407 2499 Loc.
434 2477 516 2511 nup.
554 2467 610 2501 cit.
