1705 2787
792 89 843 94 ,-
881 62 963 118 248
1001 89 1051 95 ..,

216 169 448 227 politicum
474 170 609 228 (quae
634 169 867 227 subiectio7
898 183 947 215 ut
980 187 1031 214 ex
1050 171 1184 215 modo
1205 171 1329 215 dictis
1351 184 1482 230 patet,
1503 170 1632 215 habe-

218 254 288 285 tur
323 243 470 297 ctiam,
504 243 538 284 si
574 240 714 285 forma
739 244 968 300 regiminis
992 244 1046 286 sit
1070 242 1385 302 democratica)
1420 256 1484 286 est
1508 256 1633 286 natu-

216 314 330 356 ralis:
353 326 393 356 et
414 326 653 371 praeterea,
672 316 899 372 supposita
921 315 1135 357 electione
1154 316 1381 372 velaliquo
1400 316 1484 358 alio
1522 315 1633 358 facto

213 385 425 440 humano,
469 385 684 428 subiectio
729 388 891 430 civium
943 389 1018 429 uni
1066 387 1237 430 homini
1272 400 1346 430 aut
1396 387 1633 430 hominum

219 458 365 499 coetui
401 469 465 499 est
501 458 725 500 naturalis,
762 459 939 501 Etenim
974 460 1172 502 naturale
1197 471 1275 508 est,
1302 475 1389 501 non
1411 457 1516 501 illud
1542 471 1634 502 tan-

225 527 463 571 tummodo
498 529 617 586 quod
659 531 856 587 procedit
905 547 955 573 ex
990 532 1028 573 vi
1078 531 1215 573 solius
1264 530 1476 573 naturalis
1512 531 1632 585 iuris,

224 598 342 641 nude
377 602 561 658 sumpti,
595 601 670 644 sed
704 602 810 645 illud
846 604 977 644 etiam
1013 602 1131 659 quod
1166 618 1215 644 ex
1250 618 1301 643 eo
1335 600 1495 658 pendet
1530 616 1633 644 con-

217 684 453 728 sequenter
468 671 518 715 ad
533 673 794 716 electionem
811 690 885 716 seu
908 672 1069 716 factum
1085 673 1261 730 aliquod
1277 670 1632 729 contingens(1).

338 743 418 798 23³)
454 741 640 799 Opinio,
676 742 726 786 de
761 759 843 800 qua
880 744 1068 798 agimus,
1104 759 1202 785 cum
1250 743 1373 785 nullo
1418 744 1633 786 innitatur

218 811 525 865 fundamento,
560 825 624 855 est
648 813 766 856 falsa.
794 815 984 868 Etenim,
1019 812 1398 870 quemadmodum
1425 812 1632 862 diximus,

215 898 266 924 eo
301 882 426 938 redit,
462 896 509 926 ut
545 896 722 941 statuat,
759 884 947 927 sormam
973 884 1314 927 democraticum
1339 900 1430 926 esse
1458 886 1629 927 unicam

214 953 403 998 formam
439 956 700 1012 legitimam.
739 957 866 1008 Quae
900 956 1085 997 assertio
1120 968 1394 1012 quantopere
1429 956 1484 997 sit
1517 971 1536 997 a
1563 972 1633 997 ve-

213 1027 340 1069 ritate
375 1026 531 1080 aliena,
568 1027 653 1068 iam
690 1028 793 1068 satis
829 1041 1048 1083 superque
1084 1025 1402 1068 declaravimus
1437 1025 1523 1084 (2)
1551 1028 1633 1069 De-

214 1096 840 1155 mocratia‚quemadmodum
880 1098 1010 1155 paulo
1045 1111 1145 1140 ante
1179 1099 1370 1140 diximus
1405 1114 1507 1141 cum
1528 1099 1633 1141 Sua-

218 1170 346 1226 resio,
383 1188 401 1209 «
430 1169 572 1212 forma
607 1172 813 1213 omnium
849 1169 1230 1227 imperfectissima
1265 1182 1344 1218 est,
1380 1183 1428 1212 ut
1464 1171 1632 1212 Aristo-

216 1241 322 1283 teles
357 1253 541 1283 testatur
576 1253 617 1283 et
651 1254 716 1284 est
741 1257 815 1298 per
839 1257 883 1282 se
909 1240 1101 1283 evidens.
1125 1259 1143 1280 ))
1171 1241 1348 1283 Etenim
1374 1242 1424 1296 si,
1449 1254 1629 1283 auctore

217 1312 370 1354 Tullio
404 1310 476 1370 (3)
514 1330 531 1351 ‹<
561 1312 735 1355 nullum
771 1325 834 1354 est
868 1328 1007 1368 genus
1042 1312 1216 1353 illarum
1253 1325 1402 1353 rerum
1438 1310 1630 1367 publica-

217 1399 332 1439 rum,
383 1383 502 1441 quod
552 1399 643 1426 non
678 1383 834 1426 habeat
882 1385 963 1425 iter
1014 1382 1064 1425 ad
1116 1381 1358 1425 finitimum
1408 1381 1631 1439 quoddam

219 1455 387 1497 malum
422 1470 627 1512 praeceps
662 1470 708 1497 ac
744 1454 988 1497 lubricum:
1019 1472 1037 1493 >›
1076 1453 1343 1496 democratia
1371 1454 1450 1495 iter
1502 1452 1631 1495 habet

219 1540 424 1582 praeceps
444 1526 775 1583 quammaxime
795 1537 835 1567 et
855 1524 1219 1567 lubricissimum.
1248 1525 1373 1566 «lam
1392 1523 1632 1566 Athenien-

218 1598 333 1640 sium
368 1598 520 1655 populi
555 1609 823 1654 potestatem
859 1597 1064 1639 omnium
1099 1611 1249 1638 rerum
1299 1596 1397 1652 ipsi,
1434 1611 1486 1637 ne
1521 1595 1631 1637 alios

219 1670 513 1727 requiramtffi,
547 1669 599 1713 ad
633 1668 830 1713 furorem
866 1667 1168 1711 multitudinis
1194 1668 1504 1724 licentiamque
1530 1682 1632 1709 con-

218 1757 405 1795 versam,
439 1741 719 1798 pestilentem
753 1739 973 1797 appellant
1007 1738 1093 1796 (4).
1122 1757 1141 1778 ³)

338 1813 419 1870 3.⁰)
454 1813 622 1869 Opinio
657 1811 777 1863 haec,
812 1825 944 1868 quam
984 1808 1134 1852 falsam
1184 1824 1276 1851 esse
1317 1809 1524 1860 diximus,
1566 1821 1633 1851 est

219 1885 398 1940 insuper
413 1884 657 1940 perniciosa
677 1883 868 1924 maxime
888 1894 1017 1938 atque
1039 1880 1155 1922 bono
1171 1880 1400 1922 communi
1416 1880 1631 1935 opposita.

220 1956 336 1997 Haec
371 1956 491 1998 enim
526 1954 677 2011 opinio
702 1952 903 1995 absolute
927 1967 1108 2009 prorsus
1133 1949 1269 1993 fasces
1294 1951 1440 2006 regios
1467 1950 1632 2007 populo

287 2151 338 2191 (1)
365 2150 415 2183 Ex
443 2149 620 2190 Suaresio⁷
649 2147 716 2182 des.
745 2148 803 2182 fid.
829 2147 852 2181 l.
883 2148 950 2190 III.³
980 2147 1142 2192 legantur
1170 2158 1245 2191 cap.
1273 2147 1297 2179 Ι.
1326 2156 1423 2179 num.
1458 2144 1518 2179 ult.
1546 2145 1635 2189 (iam

220 2220 239 2241 a
265 2208 367 2242 nobis
395 2207 520 2242 allatus
548 2219 663 2253 super.
690 2219 772 2252 pag.
802 2206 883 2250 56),
912 2215 945 2240 et
973 2218 1048 2250 cap.
1076 2207 1119 2240 ΙΙ.
1146 2217 1241 2239 num.
1274 2216 1325 2239 11.

290 2267 344 2311 (2)
371 2267 462 2300 Vide
490 2278 605 2311 super.
633 2267 722 2301 thes.
750 2267 868 2307 LXII„
896 2266 1105 2311 praesertim
1134 2264 1245 2298 schol.

293 2326 344 2371 (3)
372 2328 426 2360 De
453 2326 601 2371 Republ.

293 2386 343 2428 (4)
371 2387 457 2420 Ibid.
484 2407 525 2411 —
556 2387 777 2420 Gubernium
814 2386 1038 2420 Athenarum
1065 2385 1114 2428 (a.
1143 2384 1209 2418 Ch.
1248 2384 1418 2428 438-338)
1448 2393 1499 2418 est
1525 2384 1560 2416 in
1587 2383 1637 2416 hi-

224 2446 330 2481 storia
358 2445 452 2488 illud,
481 2446 575 2493 quod
602 2446 842 2481 democratiae
870 2456 977 2491 ptime
1005 2444 1119 2489 magis
1147 2444 1292 2478 accedit.

1700 2625 1705 2787 l
