1705 2787
652 78 701 92 4...
738 74 820 118 ‘309
860 79 910 92 *a*

72 165 301 211 territorio
336 168 519 212 alterius
554 180 698 211 status
746 167 861 211 bona
907 169 1167 226 possidere?
1216 169 1491 214 Affirmative

72 239 412 296 respondemus,
448 241 484 282 si
519 255 585 282 res
602 249 677 298 per
702 255 742 282 se
766 254 1004 297 spectetur.
1030 241 1493 286 Animadvertendum

9 325 14 328 ·
69 322 220 352 tamen
255 323 334 366 est,
369 326 416 353 ea
453 310 566 353 bona
603 310 820 368 possideri
854 326 1000 368 posse
1025 327 1116 355 non
1140 311 1344 356 dominio
1369 329 1493 370 pror-

69 396 145 423 sus
178 380 521 439 independente‚
571 381 647 424 sed
691 396 817 424 more
867 383 1019 439 potius
1068 385 1361 440 priv.atorum
1396 386 1422 427 i.
1458 400 1494 427 e.

69 452 165 493 iure
199 451 390 494 limitato
426 467 472 494 ac
508 451 615 509 depc
604 451 801 508 ²,ndente
835 467 887 494 eo
921 452 1012 495 fere
1052 453 1202 509 modo,
1235 469 1324 512 quo
1381 454 1495 498 bona

69 522 298 580 possident
331 522 497 566 subditi
531 524 651 566 illius
687 536 842 579 statuS‚
878 525 921 567 in
947 526 1075 567 cuius
1110 489 1337 568 terr’itorio
1375 525 1488 569 bona

69 593 141 636 illa
174 595 472 651 reperiuntur.
510 621 562 625 —-
599 595 864 650 Quaeritur,
900 607 1053 638 utrum
1089 611 1210 639 mare
1260 598 1399 653 possit
1434 597 1492 639 le·

69 665 224 721 gitime
247 666 455 722 occupari
479 668 494 709 2
518 665 653 708 Nulla
676 666 801 708 ‘natio
822 678 966 723 potest
987 666 1241 710 dominium
1264 667 1335 710 alli
1359 669 1491 711 maris

69 736 152 780 sibi
186 737 424 781 vindicare.
459 739 638 781 Etenim
673 739 927 782 dominium
977 741 1260 797 proprietatis
1297 741 1490 797 comple-

69 809 203 850 ctitur
226 809 295 851 ius
316 808 579 852 excludendi
598 810 708 852 alios
734 809 786 852 ab
822 826 904 852 usu
932 823 972 852 et
992 810 1288 867 dispositione
1308 812 1369 853 rei
1404 809 1491 868 (1).

69 880 166 922 Hoc
200 893 351 923 autem
385 881 494 923 alios
529 881 792 925 excludendi
828 883 894 925 ius
930 898 1020 925 non
1056 881 1191 936 adest,
1212 882 1391 940 quando
1417 883 1490 939 (ut

67 951 113 994 in
146 950 224 994 alto
257 953 370 994 mari
404 953 650 1011 contingit)
684 955 831 1010 primo
866 954 1047 1012 quidem
1083 969 1149 996 res
1175 969 1266 996 non
1293 953 1491 997 redditur

67 1023 188 1066 utilis
223 1039 299 1080 per
333 1023 534 1067 laborem
569 1040 645 1068 seu
674 1025 942 1069 industriam
967 1028 1264 1084 personalem,
1290 1027 1488 1070 secundo

73 1107 223 1136 autem
268 1110 335 1137 res
380 1108 445 1138 est
480 1095 593 1151 talis,
629 1110 677 1139 ut
713 1099 851 1154 possit
877 1097 1088 1140 omnibus
1122 1114 1215 1139 esse
1251 1098 1492 1155 aequaliter

77 1165 197 1207 utilis
222 1181 296 1208 seu
323 1165 534 1209 omnibus
559 1182 610 1210 ex
633 1183 775 1225 aequo
795 1168 1044 1211 satisfacere
1065 1169 1130 1210 vel
1149 1168 1364 1216 sufficeret
1384 1171 1493 1226 quin

73 1236 166 1285 ullo
194 1252 409 1295 umquam
436 1253 517 1281 usu
544 1238 842 1282 exhauriatur.
868 1239 1002 1282 Secus
1028 1238 1266 1282 dicendum
1287 1253 1350 1282 est
1371 1240 1422 1283 de
1441 1241 1492 1283 iis

71 1309 205 1350 maris
241 1307 472 1364 tractibus,
507 1310 584 1366 qui
618 1310 748 1352 litora
784 1309 1062 1353 circumdant
1113 1326 1188 1353 seu
1241 1313 1491 1354 continenti

68 1378 226 1422 adiecti
260 1393 378 1423 sunt:
414 1380 459 1423 hi
493 1382 613 1424 enim
647 1394 838 1438 possunt
883 1383 1104 1439 occupari,
1140 1396 1272 1439 atque
1322 1396 1370 1425 ut
1421 1399 1492 1425 oc—

69 1465 289 1509 cupentur
325 1453 491 1496 utilitas
526 1469 572 1496 ac
607 1455 818 1496 securitas
861 1456 1110 1496 maritimae
1145 1456 1338 1496 nationis
1389 1471 1487 1511 pos-

67 1524 227 1569 tulant.
276 1524 414 1578 Quod
464 1524 580 1568 idem
615 1525 857 1569 dicendum
893 1539 957 1568 est
992 1525 1043 1568 de
1078 1527 1176 1568 sinu
1214 1539 1256 1568 et
1291 1525 1343 1568 de
1378 1527 1489 1569 mari

68 1595 262 1638 interno.

137 1667 280 1709 Pauca
301 1682 420 1710 nunc
441 1667 729 1710 subiiciemus
751 1666 802 1710 de
822 1667 1149 1711 foederibus.—
1172 1668 1365 1711 Foedera
1382 1681 1489 1711 sunt

69 1739 294 1795 pactiones
327 1740 443 1782 inter
487 1738 680 1783 diversas
730 1752 900 1795 gentes,
950 1741 1168 1782 amicitiae
1212 1753 1288 1783 aut
1343 1741 1491 1782 mutui

68 1807 216 1850 auxilii
251 1822 326 1851 aut
360 1810 742 1852 commerciorum
777 1812 931 1865 gratia,
966 1825 987 1852 a
1012 1809 1186 1866 publica
1221 1811 1487 1853 auctoritate

69 1880 275 1923 sancitae.
292 1880 410 1923 Haec
429 1879 604 1924 foedera
626 1896 719 1922 esse
734 1882 934 1938 apprime
961 1882 1098 1929 utilia,
1114 1893 1245 1938 patet:
1268 1881 1489 1939 siquidem

69 1963 167 1992 tum
202 1950 394 1995 reddunt
428 1953 613 1995 clariora
650 1968 697 1994 ac
733 1952 931 1995 firmiora
966 1951 1109 1994 officia
1144 1953 1359 1995 naturalia
1396 1954 1483 1995 ius-

73 2022 208 2077 titiae,
242 2035 339 2067 tum
374 2037 643 2067 convertunt
674 2023 814 2066 officia
837 2023 1091 2081 imperfecta
1127 2040 1202 2066 seu
1242 2024 1491 2067 beneficen-

73 2095 158 2136 tiae
192 2095 235 2138 in
270 2094 412 2139 officia
447 2095 636 2154 perfecta
673 2112 748 2139 seu
785 2098 994 2139 iustitiae.
1047 2096 1160 2138 Sunt
1210 2110 1360 2139 autem
1395 2097 1487 2138 veri

72 2179 343 2223 contractuS,
379 2183 469 2211 non
504 2167 686 2226 quidem
712 2167 1020 2223 individua-les,
1045 2169 1118 2211 sed
1145 2167 1489 2212 internatitmales.

72 2237 188 2280 Hinc
223 2237 274 2281 ad
309 2238 484 2283 foedera
520 2239 727 2297 applicari
762 2241 911 2282 omnia
948 2240 1019 2282 illa
1043 2238 1220 2295 debent,
1246 2255 1357 2297 quae
1383 2239 1490 2281 dixi-

71 2323 173 2352 mus
208 2309 260 2353 de
295 2310 596 2354 contractibus
632 2313 676 2354 in
710 2326 887 2368 genere,
923 2312 948 2353 i.
984 2327 1019 2354 e.
1065 2310 1116 2354 de
1167 2327 1325 2354 eorum
1360 2312 1491 2368 parti-

141 2464 186 2503 (1)
216 2461 307 2496 Vide
335 2461 404 2497 vol.
435 2463 478 2497 11.
508 2475 588 2510 pag.
618 2474 696 2508 277.
724 2464 844 2499 adnot.
875 2462 943 2499 2.¹¹'.
