1705 2787
721 35 774 40 ,.
810 21 894 64 424
931 33 981 39 ..-

145 130 401 162 contractus
437 128 511 159 aut
547 128 684 173 pacta,
719 130 830 173 quae
867 115 1031 157 scilicet
1058 117 1276 171 nationes,
1302 132 1392 160 non
1412 118 1560 160 minus

145 205 190 232 ac
226 187 465 235 individua,
500 202 659 247 severa¹
684 187 880 229 iustitiae
917 187 1087 228 ratione
1124 186 1273 242 ligant.

263 259 337 301 ΙΙΙ.
371 249 486 300 Illud
520 258 651 299 etiam
688 257 839 313 liquet,
865 254 985 313 quod
1011 257 1053 298 in
1080 257 1208 299 tertia
1229 256 1360 299 liuius
1385 257 1560 300 theseos

147 342 267 388 parte
301 329 527 371 statuitur.
563 326 854 386 Manifestum
889 327 1007 369 enim
1045 339 1110 370 est
1144 339 1323 384 gentem
1359 330 1562 386 quamvis

148 401 306 445 habere
341 401 407 443 ius
443 397 674 442 exercendi
709 399 1034 441 commercium
1055 414 1155 441 cum
1176 400 1562 458 quocumquealio

150 473 334 531 populo,
368 472 445 529 qui
481 486 582 513 suas
617 485 787 531 merces
822 484 920 512 cum
960 470 1052 526 ipsa
1085 482 1337 527 permutare
1377 486 1563 514 consen-

148 541 427 596 tiatsQuare
462 543 496 585 si
531 543 631 603 quis
666 554 805 585 status
855 540 1105 598 impediret,
1155 557 1208 583 ne
1264 543 1384 585 natio
1419 543 1564 601 aliqua

148 616 472 660 commercium
507 629 609 657 cum
644 614 729 656 alio
764 613 946 670 populo,
981 613 1055 669 qui
1091 628 1193 656 cum
1243 613 1314 657 illa
1347 614 1452 657 velit
1487 629 1562 657 ne-

148 687 323 745 gotiari,
357 678 570 738 exerceam
605 685 639 726 is
663 695 777 726 esset
812 698 903 726 non
938 682 1226 726 solummodo
1275 684 1564 737 inhumanus,

149 757 224 801 sed
258 772 358 800 vere
392 772 439 799 ac
474 756 650 814 proprie
684 755 893 797 iniustus.
930 755 1080 811 Excipi
1106 767 1264 811 potest:
1286 756 1369 798 nisi
1395 771 1446 798 ex
1469 771 1564 813 spe-

150 828 247 871 ciali
280 828 571 871 concessione
605 841 681 868 seu
717 838 844 883 pacto
899 837 1039 867 status
1080 824 1150 867 ille
1186 826 1254 867 ius
1291 824 1447 868 habeat
1481 825 1563 869 sibi

150 899 378 942 dumtaxat
412 895 665 940 vindicandi
690 897 1015 939 commercium
1039 910 1141 938 cum
1166 895 1241 939 illo
1262 896 1445 954 populo,
1470 897 1564 940 aliis

152 968 409 1013 nationibus
445 968 647 1012 exclusis.

241 1059 262 1083 a
296 1042 509 1099 Iniquum
544 1053 624 1096 est,
657 1040 716 1082 ait
751 1040 935 1082 Grotius
969 1039 1057 1098 (1),
1092 1039 1290 1082 volentes
1337 1039 1509 1098 aliquos
1543 1055 1565 1083 a

153 1112 403 1156 volentium
428 1110 703 1169 populorum
722 1111 992 1152 commercio
1013 1108 1194 1165 secludi,
1214 1109 1395 1152 illorum
1420 1125 1566 1167 opera,

155 1198 350 1241 quorum
385 1183 429 1224 in
465 1193 682 1239 potestate
730 1196 809 1223 nec
844 1180 995 1238 populi
1050 1181 1121 1223 isti
1170 1193 1289 1237 sunt,
1333 1196 1412 1223 nec
1456 1180 1565 1225 illud

153 1255 316 1311 ipsum,
351 1268 437 1310 qua
472 1254 552 1295 iter
587 1264 665 1295 est:
702 1267 804 1294 nam
839 1251 1031 1294 latrones
1066 1252 1198 1294 etiam
1223 1263 1265 1294 et
1288 1252 1450 1308 piratas
1475 1267 1566 1295 non

154 1326 239 1367 alio
274 1325 415 1382 magis
450 1325 634 1367 nomine
668 1323 956 1378 detestamur,
990 1338 1124 1380 quam
1160 1322 1279 1380 quod
1313 1322 1375 1366 illi
1419 1323 1564 1366 homi-

156 1411 265 1438 num
300 1396 414 1439 inter
448 1410 493 1437 se
527 1407 804 1438 commeatus
840 1392 1045 1436 obsident
1069 1406 1202 1452 atque
1235 1392 1459 1437 infestant.
1487 1411 1507 1435 ))

252 1786 302 1829 (1)
329 1785 480 1819 Dissert.
507 1797 556 1830 pr.
584 1785 626 1818 de
655 1785 743 1819 mari
773 1785 894 1825 libero,
924 1785 965 1818 ab
984 1785 1014 1818 117
1036 1794 1059 1819 t.
1086 1786 1129 1818 Et·
1158 1785 1264 1829 paulo
1305 1794 1409 1819 ante:
1452 1796 1467 1814 «
1494 1785 1571 1819 Hoc

156 1845 261 1889 igitur
288 1845 345 1889 qui
377 1844 505 1878 tollunt
531 1844 679 1888 (nempe
707 1845 994 1889 commercium),
1036 1844 1118 1878 llam
1135 1844 1415 1878 latidstissimssn
1445 1844 1573 1878 tollunt

156 1903 302 1937 humani
331 1904 472 1948 generis
501 1904 723 1945 societatem,
752 1903 880 1937 tollunt
906 1913 1014 1936 mutu.
1034 1915 1047 1936 s
1075 1902 1320 1936 benefsciendi
1350 1903 1572 1944 orcasiones‚

157 1971 321 1997 naturam
349 1963 502 2008 denique
529 1964 643 2008 ipsam
670 1963 815 1997 violant.
843 1963 938 1996 Nam
967 1972 1001 1997 et
1027 1962 1097 2004 ille,
1126 1974 1232 2007 quem
1260 1963 1356 1996 Deus
1384 1963 1485 1996 mrris
1505 1963 1573 1995 cir-

158 2021 340 2063 cumfudit,
370 2034 537 2063 oceanus,
566 2022 721 2067 undique
750 2031 783 2056 et
811 2022 964 2067 undique
992 2034 1115 2055 versus
1142 2021 1363 2066 navigabilis,
1392 2030 1425 2054 et
1444 2030 1573 2056 vento—

158 2092 235 2114 rum
262 2081 335 2114 ssati
363 2090 422 2115 aut
449 2081 720 2115 extraordinarii
748 2081 864 2120 flatus:
884 2093 958 2114 non
990 2081 1030 2115 ab
1064 2081 1190 2114 eadem
1217 2091 1368 2125 semper,
1391 2089 1425 2114 et
1445 2079 1573 2114 :inulla

157 2149 228 2171 non
256 2137 447 2182 aliquando
474 2139 622 2183 regione
650 2139 836 2183 spirantes,
864 2149 984 2172 nonne
1011 2138 1215 2184 significant
1246 2139 1330 2172 satis
1359 2149 1571 2172 c‘mcessum

158 2209 176 2230 a
203 2206 327 2231 natura
355 2199 488 2233 cunctis
516 2199 680 2243 gentibus
708 2199 750 2232 ad
770 2207 913 2238 cunctas
942 2198 1106 2233 aditum?
1135 2199 1211 2232 Hoc
1232 2199 1370 2232 Seneca
1390 2209 1571 2232 summum

158 2266 305 2290 naturae
321 2249 544 2291 'beneficium
573 2267 681 2302 putat,
710 2258 805 2303 quod
826 2267 859 2291 et
878 2267 988 2292 vento
1012 2267 1138 2303 gentes
1166 2257 1252 2292 locis
1280 2258 1467 2297 dissipatas
1485 2257 1573 2291 mis-

159 2316 241 2357 cuit,
275 2324 309 2350 et
336 2327 398 2349 sua
436 2316 556 2350 omnia
584 2317 619 2350 in
645 2317 811 2361 regiones
838 2317 885 2350 ita
913 2316 1109 2361 descripsit,
1137 2325 1173 2351 ut
1199 2317 1443 2351 necessarium
1470 2327 1570 2349 mor—

160 2374 287 2409 talibus
317 2384 411 2409 esset
437 2375 528 2408 inter
557 2376 653 2420 ipsos
681 2376 938 2409 commercium
967 2384 1032 2410 etc.
1059 2390 1074 2408 ,η
