1705 2787
786 83 835 88 ψ-
876 69 953 99 102
991 82 1042 90 -

206 165 303 222 Ipse
338 181 442 208 vero
478 177 659 208 naturae
694 166 862 208 Auctor
898 167 1061 223 poterit
1094 166 1318 223 negligere
1352 165 1511 210 damna
1544 167 1619 212 ali-

206 251 291 293 qua
324 248 365 278 et
400 236 774 291 inconvenientia,
823 237 859 278 si
909 251 956 278 ea
990 237 1247 293 praesertim
1300 235 1418 280 bono
1451 236 1620 281 altioris

209 308 376 352 ordinis
413 321 774 365 compensentur.
826 309 922 350 Hoc
955 324 1087 351 sensu
1122 324 1155 351 s.
1191 308 1391 351 Thomas
1439 310 1498 352 ait
1531 308 1619 368 (1),

204 380 321 438 quod
359 380 556 422 naturale
591 392 876 437 praeceptum
924 379 975 422 de
1011 381 1179 422 unitate
1214 396 1265 422 ex
1298 392 1419 437 parte
1469 380 1618 424 uxoris

208 452 439 509 oportebat
476 465 677 508 tempore
726 451 1082 494 patriarcharum
1132 452 1280 494 omitti
1325 470 1344 492 «
1394 464 1440 495 ut
1475 452 1617 496 maior

203 537 315 566 esset
344 524 653 580 multiplicatio
679 524 813 581 prolis
833 523 884 566 ad
909 524 1079 566 cultum
1100 525 1182 567 Dei
1207 522 1470 566 educandae.
1496 524 1618 566 Sern-

204 610 279 651 per
315 595 433 636 enim
470 593 723 651 principalis
758 593 859 636 finis
893 594 1033 650 magis
1069 592 1370 636 observandus
1394 605 1458 635 est
1484 607 1619 650 quam

202 664 503 707 secundarius.
560 663 688 707 Unde
737 680 838 707 cum
890 663 1058 706 bonum
1094 664 1229 721 prolis
1264 665 1319 706 sit
1368 662 1620 722 principalis

203 736 479 778 matrimonii
505 735 619 791 finis,
644 734 718 778 ubi
744 736 879 793 prolis
905 735 1220 793 multiplicatio
1244 736 1489 778 necessaria
1513 746 1619 791 erat,

201 805 353 849 debuit
388 807 554 863 negligi
588 806 639 850 ad
674 819 849 864 tempus
885 806 1276 864 impedimentum,
1310 806 1430 864 quod
1464 818 1614 863 posset

200 878 243 920 in
279 878 550 921 secundariis
588 878 750 922 finibus
786 880 975 922 evenire.
1011 879 1077 922 Ad
1113 879 1231 938 quod
1276 877 1616 935 removendum,

201 961 485 1006 praeceptum
521 949 762 1007 prohibens
799 950 1097 1006 pluralitatem
1124 966 1314 993 uxorum
1340 949 1613 993 ordinatur.»

202 1047 253 1053 —
290 1020 548 1078 Eodemque
582 1020 717 1065 modo
750 1020 988 1065 dicendum
1023 1033 1102 1077 est,
1138 1021 1356 1079 expedire,
1382 1033 1429 1064 ut
1454 1020 1505 1064 ab
1529 1022 1616 1077 Au-

200 1104 321 1135 ctore
356 1105 538 1135 naturae
573 1093 702 1135 certis
736 1094 780 1135 in
816 1092 988 1136 casibus
1023 1093 1272 1150 negligatur
1308 1093 1521 1136 damnum
1540 1092 1615 1135 ali-

200 1164 317 1223 quod
352 1181 428 1207 seu
464 1166 798 1221 inconveniens,
833 1165 952 1223 quod
977 1165 1271 1208 exsolutione
1296 1165 1492 1221 coniugii
1511 1179 1617 1207 con-

201 1248 427 1292 sequatur,
482 1248 663 1293 propter
714 1235 883 1278 bonum
932 1235 1077 1284 altius„
1121 1251 1157 1278 e.
1192 1252 1232 1292 g.
1288 1234 1403 1290 fidei,
1439 1234 1616 1291 religio-

200 1307 266 1348 nis
302 1318 382 1349 etc.
417 1307 575 1364 Neque
609 1322 684 1363 per
718 1306 761 1349 id
796 1307 995 1349 laxantur
1030 1304 1151 1348 frena
1176 1304 1505 1362 cupiditatibuS,
1525 1320 1616 1347 non

198 1392 323 1420 amor
357 1390 502 1420 castus
538 1379 839 1433 imminuitur,
874 1392 964 1420 non
999 1392 1046 1419 ea
1080 1389 1417 1434 consequuntur
1442 1375 1615 1432 damna,

199 1465 309 1507 quae
343 1449 593 1493 derivarent
613 1466 663 1492 ex
682 1451 920 1493 intrinseca
946 1450 1221 1492 matrimonii
1245 1447 1530 1503 solubilitate,
1550 1448 1615 1491 ni-

198 1523 363 1564 mirum
384 1537 435 1565 ex
453 1522 580 1579 plena
595 1523 791 1578 coniugii
816 1521 961 1579 quoad
994 1521 1223 1564 vinculum
1241 1520 1514 1563 subiectione
1538 1535 1615 1562 vo-

199 1592 359 1636 luntati
393 1593 596 1637 mutabili
630 1609 676 1636 ac
711 1592 965 1651 frequenter
999 1608 1155 1650 pravae
1189 1593 1391 1650 ipsorum
1440 1602 1614 1636 contra-

199 1664 418 1708 hentium.

294 1749 388 1790 132.
424 1735 670 1779 SCHOLION.
707 1735 767 1778 Ut
802 1734 966 1792 pluries
1001 1736 1086 1778 iam
1121 1734 1328 1789 diximus,
1383 1733 1613 1776 matrimo-

201 1808 326 1849 nium
381 1809 570 1865 spectari
620 1819 765 1864 potest
819 1807 887 1850 vel
935 1806 1250 1850 tantummodo
1286 1819 1333 1849 ut
1368 1818 1431 1848 est
1466 1806 1509 1848 in
1544 1802 1607 1846 of-

198 1877 349 1921 ficium
385 1892 582 1935 naturae,
617 1879 685 1922 vel
718 1881 850 1922 etiam
887 1891 933 1922 ut
968 1894 1118 1936 reapse
1153 1894 1271 1921 nunc
1316 1890 1381 1920 est
1415 1892 1556 1920 unum
1590 1891 1611 1918 e

199 1962 368 2006 septem
403 1952 554 1994 Novae
589 1953 718 2008 Legis
753 1952 1054 2007 sacramentis,
1087 1950 1295 2008 speciales
1341 1948 1505 1991 habens
1539 1947 1611 1991 ad—

199 2036 330 2063 nexas
365 2023 541 2078 gratiaS,
576 2022 736 2080 quibus
772 2021 909 2066 adiuti
944 2023 1156 2078 coniuges
1191 2021 1470 2078 operationes
1511 2035 1610 2076 pro-

198 2092 281 2148 prii
314 2105 452 2135 status
487 2093 646 2136 melius
680 2109 880 2136 exercere
915 2106 957 2136 et
991 2108 1126 2136 onera
1148 2089 1610 2135 matrimoniifacilius

198 2160 311 2205 ferre
345 2163 530 2206 valeant.
567 2165 684 2207 Finis
720 2165 828 2218 eius,
864 2176 911 2206 ut
945 2176 1009 2206 est
1044 2163 1609 2219 sacramentum,consistit

270 2456 320 2500 (ι)
348 2455 468 2501 Suppl.
495 2466 525 2504 q.
553 2453 609 2497 ὅς.
637 2466 664 2488 a.
693 2465 724 2491 2.
