1705 2787
900 83 1036 111 ‘'2'‘—

896 103 914 128 )

210 179 460 235 insipientiae
507 190 546 220 et
594 178 716 220 etiam
766 176 1014 220 crudelitatis
1060 191 1233 233 arguere
1279 175 1418 219 Deum
1463 187 1630 219 naturae

208 261 435 300 auctorem,
470 250 537 304 qui
573 247 718 290 frustra
752 259 858 303 agat,
894 247 1112 289 hominem
1128 246 1324 303 negligat,
1357 258 1396 290 et
1418 245 1632 290 sollicitio-

209 335 296 362 rem
329 319 377 362 de
410 318 551 361 belluis
585 334 725 361 curam
756 317 892 375 gerat)
925 317 1113 361 ordinare
1146 317 1387 371 hominem,
1425 332 1539 360 secus
1585 331 1630 360 ac

209 388 337 441 bruta,
372 389 421 432 ad
454 388 657 432 socialiter
690 388 915 431 vivendum
947 403 1042 430 cum
1075 387 1175 440 aliis,
1207 399 1246 432 et
1277 387 1446 445 quidem
1477 388 1630 445 specia-

208 461 284 502 tim
318 462 357 502 in
393 459 617 503 domestica
649 461 856 512 societate,
891 461 931 501 in
966 474 1045 515 qua
1076 460 1218 515 primis
1251 459 1434 502 hominis
1461 459 1630 501 necessi-

205 529 353 572 tatibus
385 529 539 572 satislit.
574 531 617 572 Si
650 531 691 572 in
725 531 808 585 ipsa
843 528 995 572 familia
1029 529 1160 572 homo
1203 531 1405 572 inveniret
1452 527 1628 572 modum

207 600 403 644 idoneum
435 613 472 642 et
507 600 643 643 media
675 599 916 643 sufficientia
949 600 999 644 ad
1033 600 1145 643 illam
1177 599 1408 643 naturalem
1447 598 1628 656 indigen·

204 672 316 722 tiam,
352 672 653 726 impotentiam,
688 671 1074 728 perfectibilitatem,
1109 670 1357 723 facultatem,
1390 671 1629 728 propensio-

204 757 299 784 nem
333 742 624 784 convenienter
655 741 915 799 explendam,
939 742 1018 786 dici
1042 754 1138 784 tunc
1161 753 1299 798 posset
1331 754 1520 785 naturam
1540 756 1628 784 non

201 814 366 868 exigere
402 812 523 855 aliam
556 812 797 855 ulteriorem
829 814 1085 855 societatem.
1119 813 1175 854 At
1208 827 1305 854 cum
1335 828 1397 855 res
1437 827 1525 854 non
1572 813 1628 854 ita

202 899 242 925 se
277 882 431 935 habeat,
466 895 508 925 ut
542 899 590 925 ex
625 883 754 926 allatis
785 884 961 926 Suaresii
993 883 1125 926 verbis
1147 896 1270 940 patet,
1295 881 1628 926 concludendum

202 966 260 996 est
290 954 470 1006 serundo,
507 954 698 997 ordinem
741 954 969 997 naturalem
1018 955 1181 1011 exigere
1215 954 1455 997 ulteriorem
1503 952 1626 996 aliam

200 1026 441 1068 societatem
474 1025 628 1068 familia
671 1025 973 1083 perfectiorem,
1022 1027 1064 1068 in
1111 1042 1192 1083 qua
1238 1024 1443 1082 praedicta
1488 1023 1627 1068 media

202 1098 463 1139 convenienti
497 1099 538 1139 in
569 1099 687 1154 copia
721 1098 866 1151 adsint,
900 1099 924 1141 i.
958 1114 994 1140 e.
1029 1099 1192 1155 exigere
1225 1109 1269 1139 ut
1300 1096 1477 1140 familiae
1509 1095 1626 1138 stabi-

201 1166 303 1208 libus
337 1169 441 1210 inter
472 1185 513 1211 se
547 1168 811 1211 relationibus
843 1171 1035 1212 uniantur
1068 1168 1117 1212 ad
1149 1184 1190 1211 se
1233 1184 1274 1211 se
1322 1180 1469 1211 mutuo
1517 1166 1626 1211 adiu-

201 1237 397 1291 vandum,
432 1239 752 1296 protegendum,
787 1239 1096 1296 perficiendum,
1122 1239 1359 1283 amandum.
1391 1239 1521 1296 Atqui
1552 1237 1623 1281 hu-

200 1309 379 1352 iusmodi
412 1309 663 1353 familiarum
696 1312 848 1353 mutuis
880 1310 1145 1354 relationibus
1169 1310 1453 1354 devinctarum
1478 1324 1624 1352 conso-

200 1381 420 1423 ciationem
454 1397 652 1424 vocamus
684 1384 837 1436 vicum,
871 1384 1093 1435 civitatem,
1127 1383 1397 1439 provinciam,
1420 1381 1622 1437 principa-

199 1463 302 1504 tum,
326 1468 515 1508 regnum:
535 1452 751 1509 multiplex
774 1455 886 1496 enim
909 1465 967 1496 est
986 1455 1027 1495 in
1046 1452 1294 1496 familiarum
1313 1452 1621 1494 consociatione

199 1538 438 1579 progressus
484 1523 566 1582 (1).
615 1524 727 1581 Ergo
780 1526 863 1581 ipse
910 1536 1078 1567 naturae
1137 1523 1243 1566 ordo
1295 1524 1437 1580 exigit,
1485 1534 1528 1565 ut
1568 1522 1622 1565 fa-

200 1593 334 1636 miliae
366 1610 452 1636 non
484 1596 624 1637 vivant
656 1608 862 1652 separatae
895 1595 946 1638 ad
978 1596 1170 1647 invicem,
1203 1593 1272 1637 sed
1306 1595 1347 1636 in
1378 1608 1509 1636 unum
1550 1608 1622 1650 po-

197 1662 322 1706 licum
355 1680 501 1722 corpus
534 1666 683 1708 unitae.

267 1763 319 1810 (1)
346 1765 446 1799 Hanc
473 1765 666 1800 naturalem
697 1767 984 1812 progressionem
1012 1777 1030 1800 a
1056 1766 1152 1800 domo
1179 1766 1221 1800 ad
1249 1777 1386 1812 regnum
1406 1766 1454 1799 sic
1476 1763 1620 1810 exponit

197 1836 222 1857 s.
250 1824 422 1867 Thomas,
448 1827 492 1860 de
519 1828 645 1872 regim.
674 1828 781 1872 princ.
808 1827 831 1861 l.
865 1839 891 1861 1.
921 1839 948 1861 c.
981 1838 1029 1860 1.:
1060 1841 1078 1859 «
1106 1827 1198 1862 Cum
1226 1826 1364 1860 homini
1384 1832 1564 1870 competat
1582 1824 1618 1857 in

199 1883 421 1918 multitudine
449 1884 580 1925 vivere,
606 1886 685 1930 quia
711 1886 774 1919 sibi
800 1897 874 1919 non
899 1885 1026 1920 sufficit
1054 1885 1095 1918 ad
1123 1884 1319 1918 necessaria
1345 1884 1448 1924 vitae,
1475 1883 1502 1916 si
1536 1882 1620 1917 soli-

197 1943 303 1976 tarius
331 1952 491 1978 maneat:
520 1952 673 1989 oportet,
699 1945 792 1990 quod
820 1953 918 1978 tanto
938 1945 981 1978 sit
997 1943 1187 1990 perfectior
1204 1943 1438 1977 multitudinis
1456 1942 1618 1984 societas,

197 2010 328 2047 quanto
356 2004 468 2048 magis
497 2015 557 2048 per
582 2015 619 2037 se
645 2004 821 2038 sufficiens
849 2005 914 2038 erit
946 2004 988 2038 ad
1024 2004 1220 2038 necessaria
1255 2003 1359 2036 vitae.
1389 2022 1432 2027 —
1460 2002 1618 2036 Habetur

198 2062 370 2106 siquidem
398 2062 511 2108 aliqua
534 2052 642 2097 'vitae
680 2063 890 2098 sufficientia
924 2064 959 2097 in
992 2064 1136 2109 sensilia
1162 2063 1277 2097 clonms
1304 2064 1417 2103 unius,
1447 2069 1617 2107 quantum

197 2121 330 2155 scilicet
357 2122 398 2155 ad
426 2122 601 2156 naturales
628 2131 724 2157 actus
751 2124 952 2157 nutritionis
987 2132 1021 2157 et
1048 2123 1155 2168 prolis
1174 2122 1396 2168 generandae
1415 2130 1449 2155 et
1467 2121 1616 2155 aliorum

198 2174 418 2209 huiusmodi:
446 2196 489 2202 —-
516 2177 552 2209 in
579 2188 650 2210 uno
689 2185 808 2210 autem
847 2178 935 2218 vico,
970 2184 1139 2222 quantum
1166 2177 1208 2210 ad
1236 2188 1287 2217 ea,
1313 2186 1402 2221 quae
1437 2175 1479 2208 ad
1505 2185 1616 2208 unum

196 2233 384 2268 artificium
411 2235 609 2279 pertinent:
638 2254 680 2260 —
701 2236 736 2269 in
762 2237 902 2270 civivitate
921 2236 1035 2281 (urbe)
1052 2247 1148 2277 verO,
1167 2247 1256 2281 quae
1276 2244 1327 2270 est
1345 2234 1500 2280 perfecta
1518 2244 1618 2267 com-

198 2293 361 2333 munitas7
388 2302 557 2338 quantum
584 2294 625 2327 ad
653 2295 774 2327 omnia
800 2295 996 2329 necessaria
1022 2296 1133 2329 vitae:
1158 2314 1205 2319 -
1229 2295 1290 2329 sed
1309 2295 1422 2328 adhuc
1447 2293 1560 2339 magis
1578 2293 1615 2326 in

193 2353 378 2396 provincia
404 2364 473 2386 una
499 2361 641 2398 propter
667 2354 915 2388 necessitatem
951 2354 1260 2399 compugnationis
1294 2361 1328 2388 et
1358 2353 1470 2387 mutui
1497 2351 1615 2387 auxilii

194 2418 319 2444 contra
345 2411 475 2445 hostes.
504 2412 608 2446 Unde
635 2413 691 2457 qui
728 2413 920 2458 perfectam
956 2414 1252 2449 communitatem
1287 2413 1389 2459 regit,
1424 2413 1444 2446 i.
1474 2423 1503 2447 e.
1535 2411 1617 2446 civi-

195 2476 305 2503 tatem
333 2469 388 2503 vel
413 2470 645 2514 provinciam,
672 2472 954 2506 antonomastice
983 2484 1042 2506 rex
1068 2480 1224 2506 vocatur.
1247 2485 1265 2503 »

1670 0 1705 56 „2²2
