1705 2787
753 69 1011 124 —476*

222 187 297 220 173.
323 176 659 214 Demonstratio.
689 194 730 198 —
764 185 791 208 1.
820 174 1000 210 Definitur
1027 175 1188 211 rebellio.
1226 196 1272 202 —-
1300 187 1331 212 2.
1359 177 1496 214 Osten-

363 235 455 268 ditur
482 245 561 268 eam
589 245 668 267 esse
697 252 739 257 -
767 234 931 268 iniuriam
959 235 993 268 in
1020 236 1228 280 principem,
1248 237 1282 270 in
1310 248 1418 282 quem
1445 239 1496 271 in-

363 294 517 338 surgitur
544 313 586 317 —
615 294 779 327 iniuriam
807 293 840 326 in
869 294 979 339 ipsius
1007 296 1167 330 subditos
1188 315 1233 321 —
1260 297 1424 332 iniuriam
1453 310 1494 332 ex

360 366 427 399 qua
456 355 664 388 innumerae
693 354 886 388 iniustitiae
916 355 1189 401 derivant.—3.
1217 359 1337 399 Quam
1365 359 1494 393 iniuste

362 422 469 458 agant
498 432 540 438 —-
566 414 600 455 ii,
629 413 686 458 qui
714 424 847 447 novam
883 417 1067 461 regiminis
1112 416 1277 458 sormam,
1323 417 1493 452 alterutra

361 482 458 516 parte
485 474 607 511 invita,
628 472 855 507 introducere
874 483 1011 509 tentant
1030 496 1073 499 —
1093 476 1127 519 ii,
1148 477 1205 521 qui
1222 477 1491 511 communitatis

364 534 509 566 nomine
539 542 570 566 et
601 533 810 567 auctoritate
840 535 1038 569 subiectum
1070 547 1258 580 supremae
1306 537 1494 580 potestatis

362 601 500 626 mutare
526 602 770 639 praesunmnt.
800 614 838 616 *j
870 603 903 635 4.
934 595 1177 635 Quandonam
1206 594 1311 629 liceat
1339 595 1493 629 civitatis

362 652 656 686 constitutionem
686 661 823 686 mutare
881 681 886 686 .
941 679 951 688 .
1001 679 1010 688 .
1061 680 1068 688 .
1121 679 1130 689 .
1181 679 1189 689 .
1242 680 1250 687 .
1302 679 1312 688 .
1362 679 1372 689 .
1422 681 1429 689 .
1481 680 1490 692 .
1521 653 1590 689 260

445 749 476 785 b)
501 750 564 780 De
587 749 772 780 iuribus
797 749 975 789 politici
1000 749 1309 789 principatus.

172 838 359 882 'rhesis
394 838 592 880 LXVIII.
630 864 681 869 ——
719 839 780 881 De
810 845 995 894 palestina
1029 836 1197 893 legifera
1276 870 1284 878 .
1350 871 1358 879 .
1424 870 1432 879 .
1499 839 1583 893 264

223 931 295 966 174.
323 922 660 958 Demonstratio.
689 942 730 946 —
761 923 816 956 Ius
848 921 980 956 ferendi
1010 921 1107 968 leges
1128 921 1364 967 proculdubio
1392 933 1489 955 com-

361 983 448 1027 petit
474 994 663 1027 supremae
692 983 891 1017 auctoritati
945 1006 1486 1017 ..........
1542 981 1587 1016 ib.

220 1051 295 1084 173.
325 1042 543 1077 Scholion.
571 1062 614 1066 -—
654 1042 768 1087 Leges
796 1041 917 1075 civiles
946 1054 963 1075 a
993 1041 1072 1086 lege
1100 1040 1250 1075 naturali
1279 1041 1484 1074 derivantur

361 1119 404 1124 —
432 1100 488 1134 vel
515 1101 604 1134 sicut
633 1100 884 1134 conclusiones
915 1111 957 1133 ex
976 1100 1157 1145 principiis
1177 1118 1223 1124 —
1241 1098 1296 1132 vel
1317 1100 1407 1133 sicut
1426 1099 1489 1133 de-

360 1161 632 1195 terminationes
660 1160 837 1205 quaedam
858 1158 1059 1204 aliquorum
1079 1159 1340 1193 communium.
1354 1177 1400 1183 ——
1415 1159 1492 1193 Do-

361 1222 472 1255 ctrina
500 1221 565 1255 hac
593 1221 636 1254 de
664 1232 699 1254 re
729 1218 945 1260 Aristotelis,
974 1230 1003 1252 s.
1033 1218 1211 1260 Thomae³
1240 1218 1395 1252 Suaresii
1414 1244 1422 1252 .
1476 1243 1484 1251 .
1537 1218 1583 1251 ib.

173 1302 360 1347 TheSiS
394 1303 550 1345 LXIX.
608 1328 660 1335 —-
716 1303 778 1345 De
812 1301 1021 1357 limitibus,
1054 1301 1197 1358 quibus
1233 1302 1296 1344 ins
1322 1300 1492 1358 ferendi

388 1373 489 1429 leges
523 1372 874 1416 circmnscribimr
930 1407 939 1416 .
1004 1407 1013 1416 .
1080 1407 1088 1414 .
1156 1406 1164 1414 .
1230 1406 1238 1414 .
1304 1406 1313 1414 .
1377 1407 1386 1416 .
1453 1373 1582 1427 ..269

224 1456 299 1501 176.
326 1457 663 1493 Demonstratio.
679 1476 725 1482 —
745 1469 773 1491 1.
788 1457 845 1491 Ius
863 1456 997 1490 ferendi
1013 1456 1122 1502 leges,
1135 1456 1230 1502 quod
1242 1456 1388 1501 principi
1401 1455 1493 1490 civili

361 1517 544 1561 competit,
575 1517 696 1562 nequit
726 1528 797 1550 non
826 1528 904 1550 esse
934 1515 1103 1549 limitibus
1124 1515 1491 1560 circumscriptum.—

362 1586 392 1609 2.
421 1576 495 1610 Hos
526 1575 655 1610 limites
683 1575 861 1621 legislatio
890 1574 1002 1609 civilis
1030 1574 1138 1608 habet
1164 1574 1353 1619 praecipue
1375 1593 1417 1598 -
1446 1586 1487 1607 ex

359 1645 457 1680 parte
486 1635 575 1681 legis
603 1636 756 1677 divinae,
787 1635 841 1668 cui
870 1635 993 1681 nequit
1033 1635 1213 1669 adversari
1240 1653 1287 1660 -
1314 1645 1354 1667 ex
1393 1642 1492 1676 parte

363 1694 444 1728 boni
465 1695 680 1736 communis,
703 1694 756 1727 cui
779 1694 884 1728 debet
899 1694 1101 1728 conducere
1119 1705 1213 1727 —ex
1228 1701 1329 1739 parte
1344 1692 1492 1727 aliarum

358 1763 577 1798 potestatum
606 1766 625 1788 a
652 1755 731 1788 Deo
759 1754 1012 1794 institutarum,
1033 1765 1120 1798 quas
1141 1753 1247 1787 debet
1274 1753 1309 1786 in
1337 1762 1486 1785 suorum

361 1815 490 1849 iurium
518 1815 691 1849 exercitio
719 1814 846 1848 liberas
874 1813 1073 1859 relinquere
1100 1832 1146 1838 -
1173 1822 1217 1846 ex
1244 1821 1342 1857 parte
1370 1811 1492 1845 subdi-

362 1884 492 1916 torum,
521 1875 645 1920 quibus
665 1874 770 1907 debet
790 1885 901 1907 onera
922 1873 1120 1907 secundum
1141 1871 1396 1920 aequalitatem
1411 1881 1491 1915 pro-

353 1935 527 1979 portionis
555 1934 741 1979 imponere
763 1958 1365 1968 ...........
1423 1955 1432 1965 .
1480 1954 1490 1964 .
1542 1929 1585 1963 ib.

172 2018 359 2063 TheSiS
393 2017 528 2059 LXX.
556 2043 606 2048 —
633 2017 694 2058 De
727 2017 771 2058 vi
804 2015 1025 2072 obligativcz
1059 2014 1190 2071 legum
1223 2012 1407 2056 civilizmz
1453 2046 1462 2054 .
1502 2025 1581 2067 273

224 2113 301 2147 177.
326 2101 663 2136 Demonstratio.
693 2119 725 2124 —
767 2111 794 2134 1.
824 2099 1070 2141 Quandonam
1102 2097 1201 2144 leges
1246 2096 1369 2131 civiles
1412 2105 1495 2130 sunt

358 2162 483 2201 iustae,
512 2159 742 2205 quandonam
770 2158 938 2192 iuiustae.
969 2178 1010 2182 —
1038 2156 1178 2203 Duplici
1206 2156 1317 2190 modo
1339 2163 1491 2201 possunt

359 2232 437 2253 esse
466 2220 629 2253 iniustae:
660 2238 701 2242 —
730 2229 792 2263 per
831 2217 1124 2251 contrarietatem
1167 2216 1209 2253 ad
1249 2216 1385 2250 bonum
1428 2226 1491 2249 seu

360 2278 477 2323 legem
506 2278 663 2312 divinam
695 2296 731 2301 -
762 2288 823 2322 per
850 2276 1141 2310 contrarietatem
1177 2274 1219 2309 ad
1248 2275 1381 2308 bonum
1424 2273 1492 2307 hu-

360 2348 517 2370 manum.
544 2355 588 2360 —
618 2346 645 2369 2.
674 2336 708 2369 Si
737 2344 819 2375 sunt
846 2336 974 2378 iustae,
1000 2334 1176 2369 moralem
1203 2334 1374 2374 inducunt
1401 2332 1488 2366 obli-

360 2397 542 2441 gationem
570 2395 727 2440 ponendi
756 2395 790 2432 id
816 2395 912 2440 quod
938 2395 1172 2440 praecipiunt,
1198 2393 1255 2427 vel
1281 2392 1366 2432 illud
1394 2391 1491 2438 quod

360 2455 549 2500 prohibent
594 2454 793 2488 omittendi.
842 2474 883 2478 -
925 2443 1159 2487 Obieetiones
1204 2451 1405 2485 solvuntur.
1447 2469 1491 2475 -
