1705 2787
816 130 862 137 *-
914 118 982 162 432
1025 132 1069 136 -—

236 223 512 255 crementum
550 213 773 268 potentiae
809 213 1017 268 nationis,
1053 214 1341 270 quantumvis
1367 228 1581 269 magnum
1606 225 1664 256 et<-

237 282 453 335 subitum‚
489 283 596 325 nulli
624 284 834 326 iniuriam
860 299 933 341 per
970 301 1013 327 se
1049 288 1275 343 importat,
1303 301 1443 343 neque
1467 285 1646 327 alterius
1704 338 1705 342 Ἰ

239 354 428 395 nationis
464 353 668 396 ordinem
704 356 910 398 socialem
947 356 1189 414 perturbat.
1215 358 1332 414 Ergo
1369 356 1533 399 bellum
1553 371 1647 398 sus-
1701 413 1704 418 Α

237 437 430 481 ceptum,
453 438 497 468 ut
533 428 729 482 potentia
765 428 947 470 alterius
983 430 1175 471 nationis
1211 429 1522 483 imminuatur,
1558 442 1648 470 non
1701 449 1705 453 ·

238 508 352 538 esset
387 495 585 539 defensio
620 510 693 540 aut
728 499 992 542 instauratio
1038 500 1206 543 ordinis
1246 499 1438 542 socialis.
1491 499 1659 556 Neque<

236 569 372 610 timor
408 581 481 611 aut
506 571 715 627 suspicio,
749 586 881 628 quam
920 573 1121 614 nationes
1156 571 1470 614 imbecilliores
1504 571 1648 613 conci-
1701 583 1705 597 ²

241 652 408 695 petent,
445 657 497 682 ne
532 656 552 683 a
589 642 918 698 potentioribus
943 645 1319 700 opprimerentur,
1339 641 1560 685 sufficiens
1586 654 1649 684 est

237 710 288 753 ad
325 710 489 754 bellum
526 713 928 757 cohonestandum.
965 715 1210 771 Na1n‚·etsi
1237 715 1400 771 passim
1425 713 1648 771 potentio·
1703 719 1705 733 ⁴

239 798 306 824 res
342 784 546 826 nationes
583 787 836 842 opprimant
870 786 1200 842 imbecilliorum,
1234 785 1276 829 id
1312 800 1455 842 neque
1499 799 1648 826 neces-

238 855 351 896 sario
386 870 531 913 neque
565 872 738 914 semper
774 858 836 911 lit;
872 871 1067 916 suntque
1086 858 1167 901 alia
1193 856 1396 900 mediain
1421 867 1648 913 promptu,

239 925 400 983 quibus
422 927 506 970 tale
540 929 788 985 periculum
823 931 1071 986 praecaveri
1095 930 1250 987 possit,
1271 943 1430 985 nempe
1454 927 1647 985 prudens

238 998 395 1054 agendi
431 1001 542 1042 ratio
577 1013 707 1058 atque
741 1000 914 1044 foedera
940 1003 1156 1044 amicitiae
1178 1016 1279 1044 cum
1314 1002 1407 1044 aliis
1442 998 1647 1056 gentibus

178 1120 181 1121 ⁷
240 1071 361 1113 inita.
398 1071 440 1116 Si
475 1072 609 1115 timor
645 1071 794 1115 damni
839 1071 978 1115 futuri
1012 1086 1144 1131 atque
1177 1074 1333 1116 incerti
1368 1087 1497 1115 causa
1532 1083 1646 1113 esset

239 1141 338 1184 belli
372 1143 584 1199 legitima7
619 1145 767 1188 nullus
805 1144 1025 1187 bellorum
1061 1145 1296 1188 haberetur
1331 1144 1447 1200 finis,
1472 1158 1649 1186 omnes-

237 1231 321 1272 que
355 1216 599 1258 iniustitiae
623 1218 907 1260 cohonestari
925 1217 1039 1260 facili
1064 1219 1234 1261 ratione
1260 1229 1454 1276 possent.
1481 1217 1526 1259 Si
1544 1230 1648 1259 vero
1675 1223 1680 1226 '

238 1288 358 1329 natio
392 1288 536 1346 aliqua
571 1303 833 1346 praepotens
869 1291 909 1333 vi
944 1303 985 1332 et
1019 1292 1152 1333 armis
1187 1290 1351 1348 absque
1387 1289 1474 1332 ulla
1523 1289 1647 1331 iusti-

237 1361 294 1401 tia
329 1358 519 1402 ditiones
543 1376 643 1404 suas
668 1363 878 1419 ampliare
903 1364 1136 1419 niteretur,
1162 1362 1336 1405 nullum
1362 1374 1426 1404 est
1445 1359 1647 1415 dubium,

236 1432 343 1488 quin
378 1431 471 1474 aliis
506 1432 763 1476 nationibus
798 1434 948 1477 liceret
982 1434 1115 1477 talem
1140 1435 1368 1476 nationem
1389 1433 1643 1490 reprimere3

236 1503 335 1560 quia
370 1503 510 1560 ipsius
544 1504 702 1561 agendi
738 1506 849 1548 ratio
884 1521 1033 1549 veram
1069 1506 1310 1563 perniciem
1330 1505 1424 1548 aliis
1458 1503 1646 1547 nationi-

237 1574 317 1617 bus
352 1577 650 1620 minitaretur.

333 1648 404 1702 ⁴II.
439 1648 692 1706 AEquilibrii
727 1650 1004 1707 perturbatio
1029 1652 1143 1694 inter
1180 1652 1398 1707 nationes,
1419 1651 1463 1693 in
1488 1665 1533 1692 se
1557 1664 1649 1706 spe·

237 1731 363 1775 ctata,
397 1735 487 1762 non
522 1733 586 1763 est
620 1722 735 1764 iusta
769 1737 897 1765 causa
933 1722 1047 1766 belli.
1086 1722 1405 1781 AEquilibrium
1445 1735 1551 1765 tunc
1585 1719 1648 1763 di—

238 1791 351 1833 citur
385 1790 625 1834 subsistere
660 1793 775 1835 inter
810 1795 1029 1851 nationes,
1080 1810 1220 1852 quum
1256 1809 1408 1837 earum
1442 1794 1555 1837 vires
1590 1793 1649 1834 ita

239 1874 342 1904 sunt
375 1862 552 1918 divisae7
573 1877 620 1906 ut
653 1864 787 1907 altera
822 1866 1002 1909 alterius
1038 1867 1257 1923 impetum
1292 1867 1395 1908 satis
1430 1865 1650 1907 sustinere

240 1933 393 1976 valeat.
430 1933 517 1976 Ubi
550 1947 699 1978 autem
721 1938 957 1979 nationum
982 1937 1128 1995 aliqua
1149 1937 1307 1980 fortior
1332 1950 1374 1980 et
1397 1936 1529 1980 ditior
1547 1950 1649 1993 prae

248 2004 342 2047 aliis
376 2004 440 2061 fit,
475 2021 628 2049 earum
677 2007 989 2065 aequilibrium
1038 2008 1257 2052 turbatur.
1313 2010 1431 2052 Haec
1465 2008 1649 2051 assertio

243 2075 400 2118 iisdem
434 2077 682 2121 rationibus
717 2078 944 2136 probatur,
977 2079 1140 2138 quibus
1190 2079 1453 2137 praecedens
1488 2078 1649 2122 confir-

239 2159 355 2189 mata
388 2146 483 2191 fuit.
518 2150 621 2192 Dixi
654 2151 696 2192 in
730 2165 770 2193 se
804 2159 988 2208 spectata:
1041 2153 1076 2194 si
1121 2153 1241 2194 enim
1291 2151 1366 2194 fiat
1400 2150 1648 2209 aequilibrii
1700 2156 1702 2158 ’

238 2218 513 2274 perturbatio
537 2236 613 2277 per
637 2220 853 2277 fraudem,
875 2224 1247 2280 praepotentiam,
1266 2236 1342 2266 aut
1357 2234 1511 2266 contra
1524 2234 1647 2280 pacta
1701 2277 1705 2279 Β

238 2304 339 2331 cum
373 2290 467 2332 aliis
502 2291 759 2335 nationibus
793 2294 915 2345 inita,
944 2294 1115 2336 clarum
1147 2306 1212 2337 est
1237 2295 1368 2337 licere
1391 2292 1646 2337 nationibus

240 2360 333 2402 aliis
369 2362 556 2419 exigere,
578 2376 625 2406 ut
658 2364 974 2422 aequilibrium
1010 2366 1283 2409 restituatur:
1309 2367 1406 2408 etsi
1440 2365 1523 2407 hoc
1558 2379 1648 2407 non

242 2430 330 2485 fiat,
365 2446 440 2487 per
478 2432 642 2476 bellum
677 2449 834 2491 cogere
871 2436 1102 2478 nationem
1136 2435 1471 2494 delinquentem
1506 2447 1554 2478 ut
1586 2435 1649 2478 in-

242 2502 377 2543 iurias
413 2503 551 2546 illatas
587 2518 769 2562 reparet.
