1705 2787
776 61 1039 118 —478-

389 192 429 197 —
458 180 517 205 aut
543 182 650 216 purus
679 171 877 205 arbitratus.
919 191 963 196 -
1010 182 1038 215 3.
1067 171 1268 212 Quomodo
1297 171 1423 204 debeat
1450 170 1518 205 hoc

386 233 438 265 ius
467 232 638 265 exerceri:
668 251 709 255 —-
739 231 820 276 quid
849 232 894 266 sit
921 241 1153 275 summopere
1181 229 1401 264 curandum.
1453 256 1460 263 .
1511 254 1520 263 .
1549 238 1614 274 294

196 327 382 371 TheSiS
401 326 600 368 LXXIII.
631 352 682 357 -—
713 327 770 369 Dc
799 334 986 383 potestate
1007 326 1255 368 exsecuti-va.
1280 349 1296 355 -
1322 324 1387 365 An
1418 337 1527 365 com-

398 406 503 454 pelas.
529 399 711 455 principi
745 398 922 451 ci-vili,c1
948 413 1147 455 <linianum
1173 399 1251 439 sint
1275 398 1359 439 eins
1385 396 1505 438 dores.
1533 409 1614 452 297

247 482 320 521 183.
347 482 672 516 Demonstratio
702 482 862 524 prioris
881 482 1030 525 pai—tis.
1052 501 1094 506 -
1113 482 1277 515 Potestas
1305 480 1393 514 haec
1421 490 1519 513 cocr-

383 540 488 574 citiw.
515 539 570 573 vel
601 541 762 575 coactiva
791 542 965 585 competit
992 542 1139 587 principi
1167 540 1257 575 civili
1275 564 1516 574 .....
1568 540 1601 574 ib

247 600 319 641 18⁷1.
347 600 596 634 Deelaratio
624 600 806 634 alterius
830 601 981 643 partis.
1027 620 1069 625 ——
1115 601 1279 633 Potestas
1317 599 1520 633 exsecutiva

383 658 487 692 debet
518 669 597 692 esse
626 678 668 683 ——
697 657 813 692 fidelis
844 679 885 683 —
914 658 1015 694 fortis
1043 679 1088 684 —
1114 659 1269 704 prudens
1333 685 1340 692 .
1393 685 1400 691 .
1453 685 1459 691 .
1510 683 1520 692 .
1547 658 1613 703 298

246 717 320 760 185.
347 717 566 752 Scholion.
595 737 635 741 —
664 718 847 762 Principes
875 717 996 752 civiles
1016 719 1069 752 ius
1089 718 1221 752 habent
1238 737 1278 742 —-
1299 718 1519 751 constituen-

383 776 414 810 di
444 776 608 811 militiam
636 786 671 811 et
698 777 906 822 disciplinae
933 777 1094 822 publicae
1114 777 1300 811 ministros
1328 795 1369 801 -
1390 777 1519 811 tributa

385 844 418 870 et
445 836 635 881 vectigalia
664 837 839 881 exigendi.
871 856 918 863 —
944 838 997 871 De
1025 837 1154 870 horum
1182 837 1310 870 iurium
1340 836 1519 871 limitibuS.
1547 846 1613 882 299

193 929 380 972 TheSiS
414 929 616 971 LXXIV.
650 954 708 960 —
741 930 805 972 el)
840 930 929 973 inre
956 931 1191 988 puniendi.
1257 965 1265 972 .
1332 965 1340 974 .
1406 963 1415 972 .
1479 964 1488 973 .
1524 942 1610 985 400

243 1021 317 1056 186.
344 1024 672 1060 Praenotiones.
699 1037 803 1060 —-1.
831 1027 887 1060 Ius
919 1026 1085 1071 puniendi
1113 1026 1274 1070 pervadit
1319 1024 1517 1070 triplicem,

381 1083 424 1117 de
453 1095 521 1129 qua
549 1085 619 1119 iam
648 1085 812 1129 diximus,
829 1095 1061 1131 potestatem.
1081 1105 1125 1111 —
1149 1096 1177 1119 2.
1198 1085 1295 1126 Quid
1316 1093 1368 1118 est
1387 1096 1516 1129 poena:

381 1161 428 1168 —
455 1154 543 1188 quot
569 1145 637 1178 sint
665 1156 798 1190 genera
825 1157 1036 1191 poenarum:
1068 1164 1114 1170 —
1141 1144 1334 1190 quotuplici
1363 1144 1398 1177 in
1425 1152 1518 1177 statu

383 1213 502 1246 poena
529 1204 680 1248 spectari
709 1204 848 1239 debeat:
878 1226 919 1232 -—
949 1206 991 1239 de
1018 1216 1157 1251 poenae
1185 1204 1256 1238 fine
1284 1203 1453 1248 primario
1482 1211 1517 1236 et

384 1262 609 1297 secundario:
639 1282 682 1288 --
709 1265 895 1308 quomodo
923 1276 985 1310 per
1012 1276 1167 1310 poenam
1206 1263 1286 1297 finis
1318 1262 1517 1307 primarius,

383 1321 404 1355 i.
432 1332 462 1355 e.
489 1322 745 1368 redintegratio
773 1325 918 1367 ordinis,
947 1325 1158 1358 obtineatur:
1188 1342 1231 1348 —
1257 1323 1292 1355 in
1320 1333 1390 1367 quo
1418 1321 1516 1355 diffe-

383 1389 461 1414 rant
503 1379 666 1415 defensio
695 1392 818 1417 contra
845 1383 1017 1418 iniustum
1045 1393 1307 1428 aggressorem,
1340 1381 1518 1426 reparatio

384 1439 505 1473 damni
533 1451 595 1485 per
621 1441 787 1475 iniuriam
814 1441 912 1485 illati,
940 1442 1079 1487 punitio
1156 1465 1517 1476 .......
1568 1438 1614 1474 ib.

248 1500 322 1542 187.
350 1499 688 1537 Demonstt'atio.
719 1523 761 1526 —
790 1503 944 1547 Principi
973 1502 1065 1536 civili
1086 1502 1258 1546 competit
1278 1501 1331 1534 ius
1351 1498 1521 1533 malefac-

382 1568 479 1593 tores
508 1559 553 1593 ob
580 1569 782 1604 perpetrata
810 1562 959 1595 crimina
1002 1561 1192 1606 puniendi:
1234 1579 1272 1584 —
1321 1559 1364 1593 de
1392 1558 1517 1603 quibus

381 1618 588 1653 criminibus
616 1620 661 1654 sit
688 1631 821 1655 sermo.
837 1641 878 1645 —
894 1621 1071 1655 Probatur
1087 1620 1249 1661 assertio,
1279 1618 1462 1664 arguendo
1476 1637 1520 1641 —

384 1695 426 1700 ——
456 1689 475 1711 a
502 1677 632 1711 minori
661 1678 703 1711 ad
731 1679 846 1713 maius
873 1698 917 1703 —
963 1690 1004 1712 ex
1032 1679 1228 1713 sanctionis
1271 1677 1433 1723 poenalis
1474 1677 1517 1711 ad

384 1735 504 1781 legem
530 1736 738 1771 habitudine
763 1757 810 1763 —
837 1749 882 1772 ex
911 1738 1069 1772 efficacia
1105 1750 1143 1772 ac
1172 1738 1345 1782 dignitate
1384 1737 1515 1782 guber—

383 1796 541 1830 nationis
571 1816 612 1820 —-
629 1807 670 1830 cx
697 1797 930 1841 obligatione,
952 1810 1019 1844 qua
1047 1797 1212 1843 princeps
1232 1796 1343 1831 civilis
1363 1805 1515 1838 tenetur,

384 1856 598 1901 procurandi
630 1856 822 1891 efficaciter
851 1858 988 1892 bonum
1030 1869 1223 1892 commune
1267 1875 1309 1880 -—
1352 1867 1392 1889 ex
1427 1854 1514 1900 legis

382 1913 552 1948 naturalis
579 1915 766 1949 sanctione
792 1935 838 1940 —
855 1927 899 1950 ex
927 1928 1034 1951 sensu
1064 1926 1098 1950 et
1125 1926 1303 1949 consensu
1320 1913 1514 1948 communi.
1546 1923 1608 1957 307

246 1973 321 2007 1815.
348 1973 566 2008 Scholion.
584 1994 624 1998 —
652 1985 679 2008 1.
699 1975 753 2008 Ex
782 1975 906 2020 quibus
928 1976 1106 2020 quantitas
1136 1983 1169 2008 et
1196 1973 1349 2020 qualitas
1376 1985 1514 2018 poenae

382 2032 452 2066 sint
479 2031 785 2067 determinandae.
815 2053 853 2058 —
881 2045 911 2067 2.
938 2035 1068 2068 Utrum
1095 2045 1234 2079 poenae
1261 2034 1399 2078 possint
1425 2042 1515 2067 tern-

380 2092 495 2134 perari
524 2103 588 2126 seu
616 2092 781 2127 relaxari.
826 2113 866 2118 —
916 2105 945 2139 3.
974 2095 1014 2127 In
1042 2106 1113 2139 quo
1150 2093 1317 2128 fundetur
1344 2092 1414 2126 hoc
1452 2093 1517 2134 ius,

385 2150 480 2194 quod
507 2151 672 2196 princeps
699 2151 818 2197 habet,
845 2154 1016 2197 puniendi
1042 2152 1293 2188 malefactores
1329 2178 1336 2185 .
1391 2178 1399 2186 .
1449 2178 1457 2186 .
1509 2178 1516 2185 .
1546 2162 1606 2197 311

195 2240 383 2286 TheSiS
417 2244 600 2288 LXXV.
638 2272 688 2277 —-
723 2247 786 2289 De
815 2248 902 2289 iure
934 2246 1091 2303 gladii.
1158 2281 1167 2289 .
1232 2279 1240 2288 .
1306 2280 1313 2288 .
1380 2280 1388 2287 .
1454 2279 1463 2288 .
1527 2258 1613 2300 314

247 2326 322 2368 189.
348 2324 686 2364 Demonstratio.
715 2349 758 2353 -
786 2330 906 2364 Status
941 2329 1174 2374 quaestionis.
1223 2348 1264 2352 —
1304 2339 1332 2362 1.
1367 2328 1515 2361 Certum

389 2393 452 2425 est,
480 2383 599 2430 legem
619 2386 777 2420 divinam
797 2388 989 2432 positivam
1007 2387 1157 2431 principi
1174 2385 1265 2419 civili
1283 2385 1443 2419 conferre
1462 2386 1515 2420 ius

384 2443 504 2487 gladii.
525 2462 568 2469 -—
591 2455 621 2478 2.
637 2445 685 2479 At
702 2457 789 2480 vero
809 2447 885 2492 ipsa
912 2445 971 2480 lex
999 2443 1120 2479 divina
1148 2444 1318 2479 naturalis
1345 2444 1436 2479 hanc
1451 2456 1514 2490 po·
