<?xml version="1.0" encoding="UTF-8"?>
<!DOCTYPE html PUBLIC "-//W3C//DTD XHTML 1.0 Transitional//EN"
    "http://www.w3.org/TR/xhtml1/DTD/xhtml1-transitional.dtd">
<html xmlns="http://www.w3.org/1999/xhtml" xml:lang="en" lang="en">
 <head>
  <title>
</title>
<meta http-equiv="Content-Type" content="text/html;charset=utf-8" />
  <meta name='ocr-system' content='tesseract 3.04.00' />
  <meta name='ocr-capabilities' content='ocr_page ocr_carea ocr_par ocr_line ocrx_word'/>
</head>
<body>
  <div class='ocr_page' id='page_1' title='image "./institutionesphi03ferr/institutionesphi03ferr_0420.png"; bbox 0 0 1705 2787; ppageno 0'>
   <div class='ocr_carea' id='block_1_1' title="bbox 784 47 1041 99">
    <p class='ocr_par' dir='ltr' id='par_1_1' title="bbox 784 47 1041 99">
     <span class='ocr_line' id='line_1_1' title="bbox 784 47 1041 99; baseline 0.004 -26"><span class='ocrx_word' id='word_1_1' title='bbox 784 68 833 74; x_wconf 37' lang='grc' dir='ltr'><strong>,ψ</strong></span> <span class='ocrx_word' id='word_1_2' title='bbox 873 47 953 99; x_wconf 60' lang='lat'><strong>&gt;1¹⁶</strong></span> <span class='ocrx_word' id='word_1_3' title='bbox 993 69 1041 74; x_wconf 31' lang='lat' dir='ltr'><em>w</em></span> 
     </span>
    </p>
   </div>
   <div class='ocr_carea' id='block_1_2' title="bbox 203 146 1667 2131">
    <p class='ocr_par' dir='ltr' id='par_1_2' title="bbox 203 146 1667 1919">
     <span class='ocr_line' id='line_1_2' title="bbox 206 146 1622 209; baseline 0.007 -22"><span class='ocrx_word' id='word_1_4' title='bbox 206 146 368 189; x_wconf 68' lang='lat' dir='ltr'><strong>umoris</strong></span> <span class='ocrx_word' id='word_1_5' title='bbox 405 160 687 205; x_wconf 65' lang='lat' dir='ltr'><strong>praeceptum</strong></span> <span class='ocrx_word' id='word_1_6' title='bbox 724 161 789 191; x_wconf 78' lang='lat' dir='ltr'><strong>est</strong></span> <span class='ocrx_word' id='word_1_7' title='bbox 823 149 929 192; x_wconf 84' lang='lat' dir='ltr'><strong>hoc:</strong></span> <span class='ocrx_word' id='word_1_8' title='bbox 965 149 1098 206; x_wconf 79' lang='lat' dir='ltr'><strong>dilige</strong></span> <span class='ocrx_word' id='word_1_9' title='bbox 1118 151 1241 206; x_wconf 78' lang='lat' dir='ltr'><strong>alios,</strong></span> <span class='ocrx_word' id='word_1_10' title='bbox 1275 150 1388 194; x_wconf 79' lang='lat' dir='ltr'><strong>sicut</strong></span> <span class='ocrx_word' id='word_1_11' title='bbox 1414 149 1622 209; x_wconf 79' lang='lat' dir='ltr'><strong>teipsum,</strong></span> 
     </span>
     <span class='ocr_line' id='line_1_3' title="bbox 205 219 1621 280; baseline 0.006 -21"><span class='ocrx_word' id='word_1_12' title='bbox 205 219 230 261; x_wconf 92' lang='lat' dir='ltr'><strong>i.</strong></span> <span class='ocrx_word' id='word_1_13' title='bbox 267 236 300 263; x_wconf 74' lang='lat' dir='ltr'><strong>e.</strong></span> <span class='ocrx_word' id='word_1_14' title='bbox 337 231 377 260; x_wconf 83' lang='lat' dir='ltr'><strong>te</strong></span> <span class='ocrx_word' id='word_1_15' title='bbox 412 234 536 274; x_wconf 74' lang='lat' dir='ltr'><strong>geras</strong></span> <span class='ocrx_word' id='word_1_16' title='bbox 571 234 670 275; x_wconf 72' lang='lat' dir='ltr'><strong>erga</strong></span> <span class='ocrx_word' id='word_1_17' title='bbox 707 219 830 274; x_wconf 70' lang='lat' dir='ltr'><strong>alim,</strong></span> <span class='ocrx_word' id='word_1_18' title='bbox 864 221 976 263; x_wconf 85' lang='lat' dir='ltr'><strong>sicut</strong></span> <span class='ocrx_word' id='word_1_19' title='bbox 1011 233 1192 279; x_wconf 80' lang='lat' dir='ltr'><strong>exoptas</strong></span> <span class='ocrx_word' id='word_1_20' title='bbox 1237 222 1344 265; x_wconf 85' lang='lat' dir='ltr'><strong>alios</strong></span> <span class='ocrx_word' id='word_1_21' title='bbox 1380 238 1424 265; x_wconf 90' lang='lat' dir='ltr'><strong>se</strong></span> <span class='ocrx_word' id='word_1_22' title='bbox 1469 239 1621 280; x_wconf 84' lang='lat' dir='ltr'>gerere</span> 
     </span>
     <span class='ocr_line' id='line_1_4' title="bbox 205 290 1623 347; baseline 0.006 -18"><span class='ocrx_word' id='word_1_23' title='bbox 205 305 304 345; x_wconf 74' lang='lat' dir='ltr'><strong>erga</strong></span> <span class='ocrx_word' id='word_1_24' title='bbox 356 302 410 332; x_wconf 82' lang='lat' dir='ltr'><strong>te.</strong></span> <span class='ocrx_word' id='word_1_25' title='bbox 462 290 598 346; x_wconf 78' lang='lat' dir='ltr'><strong>Atqui</strong></span> <span class='ocrx_word' id='word_1_26' title='bbox 643 291 821 347; x_wconf 76' lang='lat' dir='ltr'>quaevis</span> <span class='ocrx_word' id='word_1_27' title='bbox 872 293 993 334; x_wconf 75' lang='lat' dir='ltr'><strong>natio</strong></span> <span class='ocrx_word' id='word_1_28' title='bbox 1043 293 1158 335; x_wconf 87' lang='lat' dir='ltr'><strong>iuste</strong></span> <span class='ocrx_word' id='word_1_29' title='bbox 1207 308 1253 335; x_wconf 83' lang='lat' dir='ltr'><strong>ac</strong></span> <span class='ocrx_word' id='word_1_30' title='bbox 1301 294 1623 338; x_wconf 78' lang='lat' dir='ltr'>rationabiliter</span> 
     </span>
     <span class='ocr_line' id='line_1_5' title="bbox 205 360 1626 419; baseline 0.006 -19"><span class='ocrx_word' id='word_1_31' title='bbox 205 372 396 416; x_wconf 71' lang='lat' dir='ltr'><strong>exoptat,</strong></span> <span class='ocrx_word' id='word_1_32' title='bbox 432 375 523 402; x_wconf 92' lang='lat' dir='ltr'><strong>non</strong></span> <span class='ocrx_word' id='word_1_33' title='bbox 568 360 716 403; x_wconf 87' lang='lat' dir='ltr'><strong>solum</strong></span> <span class='ocrx_word' id='word_1_34' title='bbox 752 373 799 403; x_wconf 93' lang='lat' dir='ltr'><strong>ut</strong></span> <span class='ocrx_word' id='word_1_35' title='bbox 833 361 940 404; x_wconf 84' lang='lat' dir='ltr'><strong>aliae</strong></span> <span class='ocrx_word' id='word_1_36' title='bbox 979 376 1134 419; x_wconf 81' lang='lat' dir='ltr'><strong>gentes</strong></span> <span class='ocrx_word' id='word_1_37' title='bbox 1169 379 1264 406; x_wconf 85' lang='lat' dir='ltr'><strong>eam</strong></span> <span class='ocrx_word' id='word_1_38' title='bbox 1311 380 1402 407; x_wconf 91' lang='lat' dir='ltr'><strong>non</strong></span> <span class='ocrx_word' id='word_1_39' title='bbox 1453 365 1626 409; x_wconf 81' lang='lat' dir='ltr'>laedant</span> 
     </span>
     <span class='ocr_line' id='line_1_6' title="bbox 205 430 1622 491; baseline 0.005 -19"><span class='ocrx_word' id='word_1_40' title='bbox 205 432 248 472; x_wconf 91' lang='lat' dir='ltr'><strong>in</strong></span> <span class='ocrx_word' id='word_1_41' title='bbox 283 432 372 473; x_wconf 81' lang='lat' dir='ltr'><strong>suis</strong></span> <span class='ocrx_word' id='word_1_42' title='bbox 424 430 566 486; x_wconf 87' lang='lat' dir='ltr'><strong>bonis,</strong></span> <span class='ocrx_word' id='word_1_43' title='bbox 616 431 691 475; x_wconf 85' lang='lat' dir='ltr'><strong>sed</strong></span> <span class='ocrx_word' id='word_1_44' title='bbox 738 434 871 477; x_wconf 76' lang='lat' dir='ltr'><strong>ctiam</strong></span> <span class='ocrx_word' id='word_1_45' title='bbox 923 446 969 476; x_wconf 90' lang='lat' dir='ltr'><strong>ut</strong></span> <span class='ocrx_word' id='word_1_46' title='bbox 1014 435 1051 476; x_wconf 88' lang='lat' dir='ltr'><strong>ei</strong></span> <span class='ocrx_word' id='word_1_47' title='bbox 1095 447 1270 491; x_wconf 87' lang='lat' dir='ltr'><strong>praesto</strong></span> <span class='ocrx_word' id='word_1_48' title='bbox 1314 436 1402 478; x_wconf 82' lang='lat' dir='ltr'><strong>sint</strong></span> <span class='ocrx_word' id='word_1_49' title='bbox 1450 436 1495 478; x_wconf 90' lang='lat' dir='ltr'><strong>in</strong></span> <span class='ocrx_word' id='word_1_50' title='bbox 1530 437 1622 479; x_wconf 85' lang='lat' dir='ltr'><strong>suis</strong></span> 
     </span>
     <span class='ocr_line' id='line_1_7' title="bbox 210 503 1622 561; baseline 0.005 -17"><span class='ocrx_word' id='word_1_51' title='bbox 210 503 451 545; x_wconf 64' lang='lat' dir='ltr'><strong>aerumnis,</strong></span> <span class='ocrx_word' id='word_1_52' title='bbox 486 503 603 559; x_wconf 78' lang='lat' dir='ltr'><strong>Ergo</strong></span> <span class='ocrx_word' id='word_1_53' title='bbox 647 506 827 561; x_wconf 77' lang='lat' dir='ltr'><strong>quaevis</strong></span> <span class='ocrx_word' id='word_1_54' title='bbox 871 506 992 547; x_wconf 78' lang='lat' dir='ltr'><strong>natio</strong></span> <span class='ocrx_word' id='word_1_55' title='bbox 1041 505 1170 549; x_wconf 86' lang='lat' dir='ltr'><strong>debet</strong></span> <span class='ocrx_word' id='word_1_56' title='bbox 1219 522 1309 549; x_wconf 91' lang='lat' dir='ltr'><strong>non</strong></span> <span class='ocrx_word' id='word_1_57' title='bbox 1357 507 1500 551; x_wconf 90' lang='lat' dir='ltr'><strong>solum</strong></span> <span class='ocrx_word' id='word_1_58' title='bbox 1532 523 1622 551; x_wconf 91' lang='lat' dir='ltr'><strong>non</strong></span> 
     </span>
     <span class='ocr_line' id='line_1_8' title="bbox 206 574 1624 633; baseline 0.004 -17"><span class='ocrx_word' id='word_1_59' title='bbox 206 574 375 617; x_wconf 64' lang='lat' dir='ltr'><strong>laedere</strong></span> <span class='ocrx_word' id='word_1_60' title='bbox 410 574 513 617; x_wconf 74' lang='lat' dir='ltr'><strong>alias</strong></span> <span class='ocrx_word' id='word_1_61' title='bbox 558 587 711 631; x_wconf 76' lang='lat' dir='ltr'><strong>gentes</strong></span> <span class='ocrx_word' id='word_1_62' title='bbox 756 577 799 618; x_wconf 88' lang='lat' dir='ltr'><strong>in</strong></span> <span class='ocrx_word' id='word_1_63' title='bbox 846 592 998 619; x_wconf 82' lang='lat' dir='ltr'><strong>earum</strong></span> <span class='ocrx_word' id='word_1_64' title='bbox 1050 576 1193 633; x_wconf 81' lang='lat' dir='ltr'><strong>bonis,</strong></span> <span class='ocrx_word' id='word_1_65' title='bbox 1242 578 1316 621; x_wconf 87' lang='lat' dir='ltr'><strong>sed</strong></span> <span class='ocrx_word' id='word_1_66' title='bbox 1352 580 1484 622; x_wconf 81' lang='lat' dir='ltr'><strong>ctiam</strong></span> <span class='ocrx_word' id='word_1_67' title='bbox 1520 579 1624 622; x_wconf 84' lang='lat' dir='ltr'><strong>alias</strong></span> 
     </span>
     <span class='ocr_line' id='line_1_9' title="bbox 205 645 1624 702; baseline 0.003 -14"><span class='ocrx_word' id='word_1_68' title='bbox 205 648 248 688; x_wconf 91' lang='lat' dir='ltr'><strong>in</strong></span> <span class='ocrx_word' id='word_1_69' title='bbox 283 661 436 689; x_wconf 81' lang='lat' dir='ltr'><strong>earum</strong></span> <span class='ocrx_word' id='word_1_70' title='bbox 471 645 729 702; x_wconf 78' lang='lat' dir='ltr'><strong>indigentiis</strong></span> <span class='ocrx_word' id='word_1_71' title='bbox 764 647 984 691; x_wconf 78' lang='lat' dir='ltr'><strong>adiuvare.</strong></span> <span class='ocrx_word' id='word_1_72' title='bbox 1012 674 1062 678; x_wconf 89' lang='lat'><strong>——</strong></span> <span class='ocrx_word' id='word_1_73' title='bbox 1090 647 1400 700; x_wconf 79' lang='lat' dir='ltr'><strong>Quamobrem</strong></span> <span class='ocrx_word' id='word_1_74' title='bbox 1426 650 1624 693; x_wconf 82' lang='lat' dir='ltr'><strong>naturale</strong></span> 
     </span>
     <span class='ocr_line' id='line_1_10' title="bbox 204 716 1625 778; baseline 0.002 -19"><span class='ocrx_word' id='word_1_75' title='bbox 204 716 311 759; x_wconf 91' lang='lat' dir='ltr'><strong>illud</strong></span> <span class='ocrx_word' id='word_1_76' title='bbox 347 718 632 774; x_wconf 81' lang='lat' dir='ltr'><strong>principium,</strong></span> <span class='ocrx_word' id='word_1_77' title='bbox 666 726 791 761; x_wconf 72' lang='lat' dir='ltr'><strong>status</strong></span> <span class='ocrx_word' id='word_1_78' title='bbox 826 718 985 776; x_wconf 73' lang='lat' dir='ltr'><strong>quilibet</strong></span> <span class='ocrx_word' id='word_1_79' title='bbox 1020 719 1162 776; x_wconf 66' lang='lat' dir='ltr'><strong>diligat</strong></span> <span class='ocrx_word' id='word_1_80' title='bbox 1183 719 1285 762; x_wconf 75' lang='lat' dir='ltr'><strong>alios</strong></span> <span class='ocrx_word' id='word_1_81' title='bbox 1310 720 1412 762; x_wconf 69' lang='lat' dir='ltr'><strong>sicul</strong></span> <span class='ocrx_word' id='word_1_82' title='bbox 1434 721 1625 778; x_wconf 76' lang='lat' dir='ltr'><strong>seipsum,</strong></span> 
     </span>
     <span class='ocr_line' id='line_1_11' title="bbox 203 788 1624 848; baseline 0.002 -18"><span class='ocrx_word' id='word_1_83' title='bbox 203 788 363 845; x_wconf 82' lang='lat' dir='ltr'><strong>duplex</strong></span> <span class='ocrx_word' id='word_1_84' title='bbox 397 789 597 831; x_wconf 76' lang='lat' dir='ltr'><strong>continet</strong></span> <span class='ocrx_word' id='word_1_85' title='bbox 621 802 923 846; x_wconf 75' lang='lat' dir='ltr'><strong>praeceptum,</strong></span> <span class='ocrx_word' id='word_1_86' title='bbox 947 790 1137 832; x_wconf 74' lang='lat' dir='ltr'><strong>alterum</strong></span> <span class='ocrx_word' id='word_1_87' title='bbox 1163 791 1395 847; x_wconf 62' lang='lat' dir='ltr'><strong>negati-vulti</strong></span> <span class='ocrx_word' id='word_1_88' title='bbox 1422 789 1624 848; x_wconf 78' lang='lat' dir='ltr'><strong>obligans</strong></span> 
     </span>
     <span class='ocr_line' id='line_1_12' title="bbox 204 860 1624 918; baseline 0.003 -18"><span class='ocrx_word' id='word_1_89' title='bbox 204 874 377 916; x_wconf 75' lang='lat' dir='ltr'><strong>semper</strong></span> <span class='ocrx_word' id='word_1_90' title='bbox 412 871 453 901; x_wconf 91' lang='lat' dir='ltr'><strong>et</strong></span> <span class='ocrx_word' id='word_1_91' title='bbox 487 875 567 916; x_wconf 87' lang='lat' dir='ltr'><strong>pro</strong></span> <span class='ocrx_word' id='word_1_92' title='bbox 603 876 792 918; x_wconf 80' lang='lat' dir='ltr'><strong>semper,</strong></span> <span class='ocrx_word' id='word_1_93' title='bbox 841 861 1032 903; x_wconf 85' lang='lat' dir='ltr'><strong>alterum</strong></span> <span class='ocrx_word' id='word_1_94' title='bbox 1080 860 1372 916; x_wconf 79' lang='lat' dir='ltr'><strong>affirmativzmz</strong></span> <span class='ocrx_word' id='word_1_95' title='bbox 1422 860 1624 918; x_wconf 86' lang='lat' dir='ltr'><strong>obligans</strong></span> 
     </span>
     <span class='ocr_line' id='line_1_13' title="bbox 204 930 1623 990; baseline 0.001 -16"><span class='ocrx_word' id='word_1_96' title='bbox 204 930 383 989; x_wconf 85' lang='lat' dir='ltr'><strong>quidem</strong></span> <span class='ocrx_word' id='word_1_97' title='bbox 419 946 608 989; x_wconf 77' lang='lat' dir='ltr'><strong>semper,</strong></span> <span class='ocrx_word' id='word_1_98' title='bbox 642 932 715 976; x_wconf 88' lang='lat' dir='ltr'><strong>sed</strong></span> <span class='ocrx_word' id='word_1_99' title='bbox 752 948 841 976; x_wconf 87' lang='lat' dir='ltr'><strong>non</strong></span> <span class='ocrx_word' id='word_1_100' title='bbox 876 948 957 990; x_wconf 91' lang='lat' dir='ltr'><strong>pro</strong></span> <span class='ocrx_word' id='word_1_101' title='bbox 991 947 1181 989; x_wconf 83' lang='lat' dir='ltr'><strong>semper,</strong></span> <span class='ocrx_word' id='word_1_102' title='bbox 1216 948 1370 975; x_wconf 83' lang='lat' dir='ltr'><strong>verum</strong></span> <span class='ocrx_word' id='word_1_103' title='bbox 1395 933 1439 975; x_wconf 91' lang='lat' dir='ltr'><strong>in</strong></span> <span class='ocrx_word' id='word_1_104' title='bbox 1465 932 1623 976; x_wconf 87' lang='lat' dir='ltr'><strong>debitis</strong></span> 
     </span>
     <span class='ocr_line' id='line_1_14' title="bbox 204 1002 1622 1062; baseline 0.001 -17"><span class='ocrx_word' id='word_1_105' title='bbox 204 1003 421 1046; x_wconf 74' lang='lat' dir='ltr'><strong>adiunctis</strong></span> <span class='ocrx_word' id='word_1_106' title='bbox 456 1002 542 1061; x_wconf 88' lang='lat'>(1).</span> <span class='ocrx_word' id='word_1_107' title='bbox 564 1004 767 1047; x_wconf 87' lang='lat' dir='ltr'><strong>Primum</strong></span> <span class='ocrx_word' id='word_1_108' title='bbox 793 1003 1013 1062; x_wconf 83' lang='lat' dir='ltr'><strong>prohibet,</strong></span> <span class='ocrx_word' id='word_1_109' title='bbox 1038 1019 1092 1045; x_wconf 91' lang='lat' dir='ltr'><strong>ne</strong></span> <span class='ocrx_word' id='word_1_110' title='bbox 1118 1003 1235 1046; x_wconf 86' lang='lat' dir='ltr'><strong>ullus</strong></span> <span class='ocrx_word' id='word_1_111' title='bbox 1259 1016 1400 1047; x_wconf 83' lang='lat' dir='ltr'><strong>status</strong></span> <span class='ocrx_word' id='word_1_112' title='bbox 1425 1019 1472 1046; x_wconf 82' lang='lat' dir='ltr'><strong>ea</strong></span> <span class='ocrx_word' id='word_1_113' title='bbox 1493 1003 1622 1060; x_wconf 82' lang='lat' dir='ltr'><strong>mala,</strong></span> 
     </span>
     <span class='ocr_line' id='line_1_15' title="bbox 205 1073 1624 1134; baseline 0.002 -18"><span class='ocrx_word' id='word_1_114' title='bbox 205 1090 315 1132; x_wconf 77' lang='lat' dir='ltr'><strong>quae</strong></span> <span class='ocrx_word' id='word_1_115' title='bbox 349 1074 430 1116; x_wconf 83' lang='lat' dir='ltr'><strong>sibi</strong></span> <span class='ocrx_word' id='word_1_116' title='bbox 464 1073 615 1117; x_wconf 87' lang='lat' dir='ltr'><strong>inferri</strong></span> <span class='ocrx_word' id='word_1_117' title='bbox 650 1074 702 1117; x_wconf 79' lang='lat' dir='ltr'><strong>ab</strong></span> <span class='ocrx_word' id='word_1_118' title='bbox 737 1076 831 1118; x_wconf 79' lang='lat' dir='ltr'><strong>aliis</strong></span> <span class='ocrx_word' id='word_1_119' title='bbox 866 1091 955 1119; x_wconf 89' lang='lat' dir='ltr'><strong>non</strong></span> <span class='ocrx_word' id='word_1_120' title='bbox 991 1075 1100 1126; x_wconf 78' lang='lat' dir='ltr'><strong>vult,</strong></span> <span class='ocrx_word' id='word_1_121' title='bbox 1127 1075 1221 1118; x_wconf 81' lang='lat' dir='ltr'><strong>aliis</strong></span> <span class='ocrx_word' id='word_1_122' title='bbox 1247 1074 1426 1119; x_wconf 86' lang='lat' dir='ltr'><strong>inferat:</strong></span> <span class='ocrx_word' id='word_1_123' title='bbox 1456 1093 1475 1116; x_wconf 88' lang='lat'>«</span> <span class='ocrx_word' id='word_1_124' title='bbox 1503 1074 1624 1134; x_wconf 89' lang='lat' dir='ltr'><strong>quod</strong></span> 
     </span>
     <span class='ocr_line' id='line_1_16' title="bbox 205 1145 1623 1204; baseline 0 -16"><span class='ocrx_word' id='word_1_125' title='bbox 205 1146 257 1188; x_wconf 71' lang='lat' dir='ltr'><strong>ab</strong></span> <span class='ocrx_word' id='word_1_126' title='bbox 292 1146 377 1188; x_wconf 80' lang='lat' dir='ltr'><strong>alio</strong></span> <span class='ocrx_word' id='word_1_127' title='bbox 412 1145 556 1189; x_wconf 81' lang='lat' dir='ltr'><strong>oderis</strong></span> <span class='ocrx_word' id='word_1_128' title='bbox 592 1145 687 1190; x_wconf 82' lang='lat' dir='ltr'><strong>fieri</strong></span> <span class='ocrx_word' id='word_1_129' title='bbox 722 1147 815 1203; x_wconf 87' lang='lat' dir='ltr'><strong>tibi,</strong></span> <span class='ocrx_word' id='word_1_130' title='bbox 851 1147 946 1191; x_wconf 83' lang='lat' dir='ltr'><strong>vide</strong></span> <span class='ocrx_word' id='word_1_131' title='bbox 982 1162 1035 1190; x_wconf 86' lang='lat' dir='ltr'><strong>ne</strong></span> <span class='ocrx_word' id='word_1_132' title='bbox 1069 1159 1113 1189; x_wconf 90' lang='lat' dir='ltr'><strong>tu</strong></span> <span class='ocrx_word' id='word_1_133' title='bbox 1153 1146 1392 1204; x_wconf 81' lang='lat' dir='ltr'><strong>aliquando</strong></span> <span class='ocrx_word' id='word_1_134' title='bbox 1416 1147 1541 1190; x_wconf 83' lang='lat' dir='ltr'><strong>alteri</strong></span> <span class='ocrx_word' id='word_1_135' title='bbox 1565 1145 1623 1188; x_wconf 80' lang='lat' dir='ltr'><strong>fa-</strong></span> 
     </span>
     <span class='ocr_line' id='line_1_17' title="bbox 206 1217 1623 1276; baseline 0.001 -17"><span class='ocrx_word' id='word_1_136' title='bbox 206 1220 292 1260; x_wconf 80' lang='lat' dir='ltr'><strong>cias</strong></span> <span class='ocrx_word' id='word_1_137' title='bbox 320 1235 339 1257; x_wconf 73' lang='lat' dir='ltr'><strong>n</strong></span> <span class='ocrx_word' id='word_1_138' title='bbox 377 1217 463 1275; x_wconf 83' lang='lat'><strong>(2).</strong></span> <span class='ocrx_word' id='word_1_139' title='bbox 485 1218 742 1261; x_wconf 84' lang='lat' dir='ltr'><strong>Secundum</strong></span> <span class='ocrx_word' id='word_1_140' title='bbox 764 1220 988 1276; x_wconf 80' lang='lat' dir='ltr'><strong>praecipit,</strong></span> <span class='ocrx_word' id='word_1_141' title='bbox 1015 1231 1061 1261; x_wconf 89' lang='lat' dir='ltr'><strong>ut</strong></span> <span class='ocrx_word' id='word_1_142' title='bbox 1085 1219 1230 1275; x_wconf 83' lang='lat' dir='ltr'><strong>quivis</strong></span> <span class='ocrx_word' id='word_1_143' title='bbox 1255 1230 1395 1261; x_wconf 76' lang='lat' dir='ltr'><strong>status</strong></span> <span class='ocrx_word' id='word_1_144' title='bbox 1420 1234 1467 1261; x_wconf 79' lang='lat' dir='ltr'><strong>ea</strong></span> <span class='ocrx_word' id='word_1_145' title='bbox 1494 1217 1623 1274; x_wconf 82' lang='lat' dir='ltr'><strong>bona,</strong></span> 
     </span>
     <span class='ocr_line' id='line_1_18' title="bbox 207 1287 1624 1348; baseline -0.001 -16"><span class='ocrx_word' id='word_1_146' title='bbox 207 1306 317 1348; x_wconf 74' lang='lat' dir='ltr'><strong>quae</strong></span> <span class='ocrx_word' id='word_1_147' title='bbox 352 1290 435 1335; x_wconf 74' lang='lat' dir='ltr'><strong>sibi</strong></span> <span class='ocrx_word' id='word_1_148' title='bbox 470 1290 613 1333; x_wconf 73' lang='lat' dir='ltr'><strong>afferri</strong></span> <span class='ocrx_word' id='word_1_149' title='bbox 646 1290 698 1332; x_wconf 84' lang='lat' dir='ltr'><strong>ab</strong></span> <span class='ocrx_word' id='word_1_150' title='bbox 742 1291 836 1333; x_wconf 80' lang='lat' dir='ltr'><strong>aliis</strong></span> <span class='ocrx_word' id='word_1_151' title='bbox 871 1289 980 1344; x_wconf 88' lang='lat' dir='ltr'><strong>vult,</strong></span> <span class='ocrx_word' id='word_1_152' title='bbox 1015 1290 1108 1331; x_wconf 85' lang='lat' dir='ltr'><strong>aliis</strong></span> <span class='ocrx_word' id='word_1_153' title='bbox 1157 1287 1384 1346; x_wconf 76' lang='lat' dir='ltr'><strong>praebeat:</strong></span> <span class='ocrx_word' id='word_1_154' title='bbox 1425 1306 1444 1328; x_wconf 85' lang='lat'><strong>‹&lt;</strong></span> <span class='ocrx_word' id='word_1_155' title='bbox 1473 1289 1624 1332; x_wconf 82' lang='lat' dir='ltr'><strong>omnia</strong></span> 
     </span>
     <span class='ocr_line' id='line_1_19' title="bbox 207 1360 1625 1419; baseline -0.001 -15"><span class='ocrx_word' id='word_1_156' title='bbox 207 1377 514 1419; x_wconf 79' lang='lat' dir='ltr'><strong>quaecumque</strong></span> <span class='ocrx_word' id='word_1_157' title='bbox 550 1362 681 1405; x_wconf 77' lang='lat' dir='ltr'><strong>vultis</strong></span> <span class='ocrx_word' id='word_1_158' title='bbox 719 1374 765 1405; x_wconf 88' lang='lat' dir='ltr'><strong>ut</strong></span> <span class='ocrx_word' id='word_1_159' title='bbox 800 1362 957 1405; x_wconf 69' lang='lat' dir='ltr'><strong>faciant</strong></span> <span class='ocrx_word' id='word_1_160' title='bbox 992 1360 1116 1404; x_wconf 83' lang='lat' dir='ltr'><strong>vobis</strong></span> <span class='ocrx_word' id='word_1_161' title='bbox 1152 1361 1371 1414; x_wconf 84' lang='lat' dir='ltr'><strong>homines,</strong></span> <span class='ocrx_word' id='word_1_162' title='bbox 1396 1372 1438 1403; x_wconf 86' lang='lat' dir='ltr'><strong>et</strong></span> <span class='ocrx_word' id='word_1_163' title='bbox 1462 1376 1540 1404; x_wconf 88' lang='lat' dir='ltr'><strong>vos</strong></span> <span class='ocrx_word' id='word_1_164' title='bbox 1565 1360 1625 1403; x_wconf 85' lang='lat' dir='ltr'><strong>fa-</strong></span> 
     </span>
     <span class='ocr_line' id='line_1_20' title="bbox 207 1430 1621 1491; baseline 0.001 -18"><span class='ocrx_word' id='word_1_165' title='bbox 207 1434 290 1475; x_wconf 77' lang='lat' dir='ltr'><strong>cite</strong></span> <span class='ocrx_word' id='word_1_166' title='bbox 324 1433 406 1474; x_wconf 84' lang='lat' dir='ltr'><strong>illis</strong></span> <span class='ocrx_word' id='word_1_167' title='bbox 435 1450 454 1472; x_wconf 90' lang='lat'>»</span> <span class='ocrx_word' id='word_1_168' title='bbox 491 1432 578 1491; x_wconf 79' lang='lat'>(3).</span> <span class='ocrx_word' id='word_1_169' title='bbox 614 1433 817 1475; x_wconf 80' lang='lat' dir='ltr'><strong>Primum</strong></span> <span class='ocrx_word' id='word_1_170' title='bbox 852 1431 1028 1475; x_wconf 73' lang='lat' dir='ltr'><strong>exhibet</strong></span> <span class='ocrx_word' id='word_1_171' title='bbox 1063 1430 1205 1475; x_wconf 78' lang='lat' dir='ltr'><strong>officia</strong></span> <span class='ocrx_word' id='word_1_172' title='bbox 1232 1431 1425 1486; x_wconf 74' lang='grc' dir='ltr'><strong>ἱιινιίἰίεα,</strong></span> <span class='ocrx_word' id='word_1_173' title='bbox 1450 1430 1502 1474; x_wconf 90' lang='lat' dir='ltr'><strong>de</strong></span> <span class='ocrx_word' id='word_1_174' title='bbox 1526 1432 1621 1489; x_wconf 88' lang='lat' dir='ltr'><strong>qui-</strong></span> 
     </span>
     <span class='ocr_line' id='line_1_21' title="bbox 211 1502 1624 1561; baseline 0 -15"><span class='ocrx_word' id='word_1_175' title='bbox 211 1505 288 1547; x_wconf 82' lang='lat' dir='ltr'><strong>bus</strong></span> <span class='ocrx_word' id='word_1_176' title='bbox 322 1505 428 1546; x_wconf 66' lang='lat' dir='ltr'><strong>satis</strong></span> <span class='ocrx_word' id='word_1_177' title='bbox 462 1503 556 1547; x_wconf 82' lang='lat' dir='ltr'><strong>fuse</strong></span> <span class='ocrx_word' id='word_1_178' title='bbox 590 1504 782 1548; x_wconf 76' lang='lat' dir='ltr'><strong>diximus</strong></span> <span class='ocrx_word' id='word_1_179' title='bbox 818 1505 861 1547; x_wconf 90' lang='lat' dir='ltr'><strong>in</strong></span> <span class='ocrx_word' id='word_1_180' title='bbox 897 1504 1010 1547; x_wconf 86' lang='lat' dir='ltr'><strong>thesi</strong></span> <span class='ocrx_word' id='word_1_181' title='bbox 1036 1502 1338 1561; x_wconf 81' lang='lat' dir='ltr'><strong>praecedente.</strong></span> <span class='ocrx_word' id='word_1_182' title='bbox 1365 1502 1624 1546; x_wconf 83' lang='lat' dir='ltr'><strong>Secundum</strong></span> 
     </span>
     <span class='ocr_line' id='line_1_22' title="bbox 210 1573 1624 1633; baseline -0.001 -16"><span class='ocrx_word' id='word_1_183' title='bbox 210 1577 408 1618; x_wconf 80' lang='lat' dir='ltr'><strong>continet</strong></span> <span class='ocrx_word' id='word_1_184' title='bbox 443 1574 583 1617; x_wconf 70' lang='lat' dir='ltr'><strong>officia</strong></span> <span class='ocrx_word' id='word_1_185' title='bbox 611 1584 715 1633; x_wconf 75' lang='lat' dir='ltr'><strong>pure</strong></span> <span class='ocrx_word' id='word_1_186' title='bbox 750 1575 937 1619; x_wconf 73' lang='lat' dir='ltr'><strong>nwrczlia.</strong></span> <span class='ocrx_word' id='word_1_187' title='bbox 983 1577 1194 1628; x_wconf 86' lang='lat' dir='ltr'><strong>Quorum</strong></span> <span class='ocrx_word' id='word_1_188' title='bbox 1227 1575 1310 1617; x_wconf 72' lang='lat' dir='ltr'><strong>alia</strong></span> <span class='ocrx_word' id='word_1_189' title='bbox 1344 1587 1447 1617; x_wconf 89' lang='lat' dir='ltr'><strong>sunt</strong></span> <span class='ocrx_word' id='word_1_190' title='bbox 1481 1573 1624 1617; x_wconf 79' lang='lat' dir='ltr'><strong>officia</strong></span> 
     </span>
     <span class='ocr_line' id='line_1_23' title="bbox 209 1637 1627 1704; baseline 0 -16"><span class='ocrx_word' id='word_1_191' title='bbox 209 1646 473 1689; x_wconf 73' lang='lat' dir='ltr'><strong>humanitatis</strong></span> <span class='ocrx_word' id='word_1_192' title='bbox 508 1647 575 1690; x_wconf 86' lang='lat' dir='ltr'><strong>vel</strong></span> <span class='ocrx_word' id='word_1_193' title='bbox 608 1648 816 1690; x_wconf 74' lang='lat' dir='ltr'><strong>innoxiae</strong></span> <span class='ocrx_word' id='word_1_194' title='bbox 852 1647 1070 1702; x_wconf 76' lang='lat' dir='ltr'><strong>utilitatis,</strong></span> <span class='ocrx_word' id='word_1_195' title='bbox 1116 1648 1214 1689; x_wconf 85' lang='lat' dir='ltr'><strong>«iis</strong></span> <span class='ocrx_word' id='word_1_196' title='bbox 1250 1637 1374 1689; x_wconf 82' lang='lat' dir='ltr'><strong>utilia</strong></span> <span class='ocrx_word' id='word_1_197' title='bbox 1409 1648 1486 1704; x_wconf 87' lang='lat' dir='ltr'><strong>qui</strong></span> <span class='ocrx_word' id='word_1_198' title='bbox 1518 1647 1627 1688; x_wconf 76' lang='lat' dir='ltr'><strong>acci-</strong></span> 
     </span>
     <span class='ocr_line' id='line_1_24' title="bbox 210 1716 1627 1776; baseline 0 -17"><span class='ocrx_word' id='word_1_199' title='bbox 210 1719 352 1775; x_wconf 79' lang='lat' dir='ltr'><strong>piunt,</strong></span> <span class='ocrx_word' id='word_1_200' title='bbox 386 1718 516 1761; x_wconf 79' lang='lat' dir='ltr'><strong>dandi</strong></span> <span class='ocrx_word' id='word_1_201' title='bbox 552 1734 643 1761; x_wconf 89' lang='lat' dir='ltr'><strong>non</strong></span> <span class='ocrx_word' id='word_1_202' title='bbox 680 1718 866 1761; x_wconf 80' lang='lat' dir='ltr'><strong>molesta</strong></span> <span class='ocrx_word' id='word_1_203' title='bbox 899 1717 987 1776; x_wconf 74' lang='lat'><strong>(4),</strong></span> <span class='ocrx_word' id='word_1_204' title='bbox 1012 1736 1030 1758; x_wconf 90' lang='lat'>»</span> <span class='ocrx_word' id='word_1_205' title='bbox 1067 1718 1148 1760; x_wconf 79' lang='lat' dir='ltr'><strong>alia</strong></span> <span class='ocrx_word' id='word_1_206' title='bbox 1198 1730 1303 1760; x_wconf 88' lang='lat' dir='ltr'><strong>sunt</strong></span> <span class='ocrx_word' id='word_1_207' title='bbox 1338 1716 1480 1761; x_wconf 82' lang='lat' dir='ltr'><strong>officia</strong></span> <span class='ocrx_word' id='word_1_208' title='bbox 1514 1717 1627 1760; x_wconf 79' lang='lat' dir='ltr'><strong>bene-</strong></span> 
     </span>
     <span class='ocr_line' id='line_1_25' title="bbox 206 1787 1667 1846; baseline -0.001 -14"><span class='ocrx_word' id='word_1_209' title='bbox 206 1790 400 1845; x_wconf 74' lang='lat' dir='ltr'><strong>ficentiae,</strong></span> <span class='ocrx_word' id='word_1_210' title='bbox 434 1805 544 1846; x_wconf 83' lang='lat' dir='ltr'><strong>quae</strong></span> <span class='ocrx_word' id='word_1_211' title='bbox 578 1790 780 1833; x_wconf 80' lang='lat' dir='ltr'><strong>videlicet</strong></span> <span class='ocrx_word' id='word_1_212' title='bbox 815 1805 904 1831; x_wconf 91' lang='lat' dir='ltr'><strong>non</strong></span> <span class='ocrx_word' id='word_1_213' title='bbox 940 1790 1033 1832; x_wconf 83' lang='lat' dir='ltr'><strong>sine</strong></span> <span class='ocrx_word' id='word_1_214' title='bbox 1068 1789 1216 1846; x_wconf 78' lang='lat' dir='ltr'><strong>aliquo</strong></span> <span class='ocrx_word' id='word_1_215' title='bbox 1238 1787 1529 1831; x_wconf 82' lang='lat' dir='ltr'><strong>incommodo</strong></span> <span class='ocrx_word' id='word_1_216' title='bbox 1552 1800 1627 1846; x_wconf 81' lang='lat' dir='ltr'><strong>aut</strong></span> <span class='ocrx_word' id='word_1_217' title='bbox 1662 1790 1667 1793; x_wconf 77' lang='grc'><strong>’</strong></span> 
     </span>
     <span class='ocr_line' id='line_1_26' title="bbox 212 1862 1074 1919; baseline 0 -16"><span class='ocrx_word' id='word_1_218' title='bbox 212 1862 414 1904; x_wconf 77' lang='lat' dir='ltr'><strong>molestia</strong></span> <span class='ocrx_word' id='word_1_219' title='bbox 448 1862 592 1919; x_wconf 81' lang='lat' dir='ltr'><strong>aliqua</strong></span> <span class='ocrx_word' id='word_1_220' title='bbox 627 1862 839 1918; x_wconf 78' lang='lat' dir='ltr'><strong>praestari</strong></span> <span class='ocrx_word' id='word_1_221' title='bbox 872 1873 1074 1918; x_wconf 83' lang='lat' dir='ltr'><strong>possunt.</strong></span> 
     </span>
    </p>

    <p class='ocr_par' dir='ltr' id='par_1_3' title="bbox 213 1931 1628 2131">
     <span class='ocr_line' id='line_1_27' title="bbox 301 1931 1626 1989; baseline -0.001 -15"><span class='ocrx_word' id='word_1_222' title='bbox 301 1932 386 1974; x_wconf 71' lang='lat' dir='ltr'><strong>Vix</strong></span> <span class='ocrx_word' id='word_1_223' title='bbox 421 1948 533 1989; x_wconf 86' lang='lat' dir='ltr'><strong>opus</strong></span> <span class='ocrx_word' id='word_1_224' title='bbox 568 1945 633 1974; x_wconf 86' lang='lat' dir='ltr'><strong>est</strong></span> <span class='ocrx_word' id='word_1_225' title='bbox 668 1945 714 1975; x_wconf 87' lang='lat' dir='ltr'><strong>ut</strong></span> <span class='ocrx_word' id='word_1_226' title='bbox 758 1947 1038 1986; x_wconf 81' lang='lat' dir='ltr'><strong>moneamus,</strong></span> <span class='ocrx_word' id='word_1_227' title='bbox 1084 1947 1174 1974; x_wconf 87' lang='lat' dir='ltr'><strong>non</strong></span> <span class='ocrx_word' id='word_1_228' title='bbox 1208 1931 1307 1987; x_wconf 85' lang='lat' dir='ltr'><strong>dici,</strong></span> <span class='ocrx_word' id='word_1_229' title='bbox 1342 1931 1474 1988; x_wconf 83' lang='lat' dir='ltr'><strong>dilige</strong></span> <span class='ocrx_word' id='word_1_230' title='bbox 1519 1931 1626 1974; x_wconf 78' lang='lat' dir='ltr'><strong>alios</strong></span> 
     </span>
     <span class='ocr_line' id='line_1_28' title="bbox 213 2003 1627 2060; baseline -0.001 -15"><span class='ocrx_word' id='word_1_231' title='bbox 213 2012 404 2060; x_wconf 72' lang='lat' dir='ltr'><strong>qnantum</strong></span> <span class='ocrx_word' id='word_1_232' title='bbox 430 2005 639 2060; x_wconf 87' lang='lat' dir='ltr'><strong>teipsum,</strong></span> <span class='ocrx_word' id='word_1_233' title='bbox 664 2005 690 2046; x_wconf 85' lang='lat' dir='ltr'><strong>i.</strong></span> <span class='ocrx_word' id='word_1_234' title='bbox 716 2018 751 2046; x_wconf 87' lang='lat' dir='ltr'><strong>e.</strong></span> <span class='ocrx_word' id='word_1_235' title='bbox 776 2003 930 2046; x_wconf 78' lang='lat' dir='ltr'><strong>eadem</strong></span> <span class='ocrx_word' id='word_1_236' title='bbox 954 2003 1131 2046; x_wconf 79' lang='lat' dir='ltr'><strong>affectus</strong></span> <span class='ocrx_word' id='word_1_237' title='bbox 1157 2004 1434 2046; x_wconf 79' lang='lat' dir='ltr'><strong>intensitate:</strong></span> <span class='ocrx_word' id='word_1_238' title='bbox 1455 2003 1627 2045; x_wconf 87' lang='lat' dir='ltr'><strong>sienim</strong></span> 
     </span>
     <span class='ocr_line' id='line_1_29' title="bbox 213 2073 1628 2131; baseline -0.001 -15"><span class='ocrx_word' id='word_1_239' title='bbox 213 2088 353 2117; x_wconf 76' lang='lat' dir='ltr'><strong>status</strong></span> <span class='ocrx_word' id='word_1_240' title='bbox 388 2076 531 2131; x_wconf 68' lang='lat' dir='ltr'><strong>quivis</strong></span> <span class='ocrx_word' id='word_1_241' title='bbox 566 2087 631 2117; x_wconf 85' lang='lat' dir='ltr'><strong>est</strong></span> <span class='ocrx_word' id='word_1_242' title='bbox 664 2090 767 2117; x_wconf 84' lang='lat' dir='ltr'><strong>cum</strong></span> <span class='ocrx_word' id='word_1_243' title='bbox 811 2075 968 2117; x_wconf 79' lang='lat' dir='ltr'><strong>ceteris</strong></span> <span class='ocrx_word' id='word_1_244' title='bbox 1021 2086 1178 2116; x_wconf 80' lang='lat' dir='ltr'><strong>natura</strong></span> <span class='ocrx_word' id='word_1_245' title='bbox 1227 2073 1438 2131; x_wconf 83' lang='lat' dir='ltr'><strong>aequalis,</strong></span> <span class='ocrx_word' id='word_1_246' title='bbox 1474 2087 1628 2115; x_wconf 87' lang='lat' dir='ltr'><strong>secum</strong></span> 
     </span>
    </p>
   </div>
   <div class='ocr_carea' id='block_1_3' title="bbox 284 2259 1234 2483">
    <p class='ocr_par' dir='ltr' id='par_1_4' title="bbox 285 2259 1234 2363">
     <span class='ocr_line' id='line_1_30' title="bbox 285 2259 1234 2308; baseline -0.001 -14"><span class='ocrx_word' id='word_1_247' title='bbox 285 2266 336 2305; x_wconf 70' lang='lat' dir='ltr'><strong>li)</strong></span> <span class='ocrx_word' id='word_1_248' title='bbox 366 2262 420 2296; x_wconf 83' lang='lat' dir='ltr'><strong>Cf.</strong></span> <span class='ocrx_word' id='word_1_249' title='bbox 447 2262 517 2296; x_wconf 77' lang='lat' dir='ltr'><strong>vol.</strong></span> <span class='ocrx_word' id='word_1_250' title='bbox 549 2262 574 2306; x_wconf 43' lang='lat' dir='ltr'><strong>I,</strong></span> <span class='ocrx_word' id='word_1_251' title='bbox 602 2274 681 2308; x_wconf 78' lang='lat' dir='ltr'><strong>pag.</strong></span> <span class='ocrx_word' id='word_1_252' title='bbox 713 2262 791 2308; x_wconf 77' lang='lat'>289.</span> <span class='ocrx_word' id='word_1_253' title='bbox 822 2270 854 2296; x_wconf 88' lang='lat' dir='ltr'><strong>et</strong></span> <span class='ocrx_word' id='word_1_254' title='bbox 882 2259 952 2295; x_wconf 69' lang='lat' dir='ltr'><strong>vol.</strong></span> <span class='ocrx_word' id='word_1_255' title='bbox 981 2260 1023 2294; x_wconf 91' lang='lat' dir='ltr'><strong>II.</strong></span> <span class='ocrx_word' id='word_1_256' title='bbox 1051 2271 1129 2306; x_wconf 78' lang='lat' dir='ltr'><strong>pag.</strong></span> <span class='ocrx_word' id='word_1_257' title='bbox 1159 2269 1234 2302; x_wconf 72' lang='lat'>241.</span> 
     </span>
     <span class='ocr_line' id='line_1_31' title="bbox 286 2321 630 2363; baseline 0.003 -9"><span class='ocrx_word' id='word_1_258' title='bbox 286 2321 341 2363; x_wconf 79' lang='lat'><strong>(2)</strong></span> <span class='ocrx_word' id='word_1_259' title='bbox 370 2321 460 2354; x_wconf 81' lang='lat' dir='ltr'><strong>Tob.</strong></span> <span class='ocrx_word' id='word_1_260' title='bbox 488 2322 547 2355; x_wconf 82' lang='lat' dir='ltr'><strong>lv.</strong></span> <span class='ocrx_word' id='word_1_261' title='bbox 580 2321 630 2356; x_wconf 81' lang='lat'><strong>16.</strong></span> 
     </span>
    </p>

    <p class='ocr_par' dir='ltr' id='par_1_5' title="bbox 286 2379 686 2422">
     <span class='ocr_line' id='line_1_32' title="bbox 286 2379 686 2422; baseline 0.01 -10"><span class='ocrx_word' id='word_1_262' title='bbox 286 2380 342 2422; x_wconf 82' lang='lat'><strong>(3)</strong></span> <span class='ocrx_word' id='word_1_263' title='bbox 369 2379 496 2415; x_wconf 85' lang='lat' dir='ltr'><strong>Matth.</strong></span> <span class='ocrx_word' id='word_1_264' title='bbox 526 2382 603 2415; x_wconf 64' lang='lat' dir='ltr'><strong>VH.</strong></span> <span class='ocrx_word' id='word_1_265' title='bbox 634 2391 686 2416; x_wconf 87' lang='lat'><strong>12.</strong></span> 
     </span>
    </p>

    <p class='ocr_par' dir='ltr' id='par_1_6' title="bbox 284 2438 915 2483">
     <span class='ocr_line' id='line_1_33' title="bbox 284 2438 915 2483; baseline 0.006 -12"><span class='ocrx_word' id='word_1_266' title='bbox 284 2439 333 2482; x_wconf 71' lang='lat'><strong>(4)</strong></span> <span class='ocrx_word' id='word_1_267' title='bbox 363 2438 418 2473; x_wconf 84' lang='lat' dir='ltr'><strong>Cf.</strong></span> <span class='ocrx_word' id='word_1_268' title='bbox 448 2438 617 2483; x_wconf 68' lang='lat' dir='ltr'><strong>Tullium,</strong></span> <span class='ocrx_word' id='word_1_269' title='bbox 646 2441 689 2474; x_wconf 84' lang='lat' dir='ltr'><strong>de</strong></span> <span class='ocrx_word' id='word_1_270' title='bbox 716 2440 775 2475; x_wconf 83' lang='lat' dir='ltr'><strong>off.</strong></span> <span class='ocrx_word' id='word_1_271' title='bbox 804 2441 829 2474; x_wconf 92' lang='lat' dir='ltr'><strong>I.</strong></span> <span class='ocrx_word' id='word_1_272' title='bbox 859 2438 915 2475; x_wconf 86' lang='lat'><strong>16.</strong></span> 
     </span>
    </p>
   </div>
  </div>
 </body>
</html>
