1705 2787
182 178 250 223 Ad
284 178 361 222 has
395 179 628 223 solvendas
678 180 952 224 obiectiones
1002 177 1107 222 haec
1145 193 1281 237 pauca
1329 174 1507 220 subiici-

90 267 205 294 muS.
226 277 279 282 —-
299 250 367 294 Ad
407 257 474 294 Lm
507 251 921 308 animadvertimus,
956 250 1086 306 filios,
1121 251 1202 293 etsi
1237 266 1288 292 ex
1320 247 1510 291 naturali

87 322 182 380 lege
215 334 451 366 teneantur
474 322 733 380 parentibus
754 322 948 376 obedire,
978 338 1069 366 non
1093 334 1243 365 tamen
1268 336 1362 363 esse
1382 335 1505 362 man-

86 393 198 450 cipia
232 408 312 435 nec
345 407 512 448 servos,
537 392 613 436 sed
637 392 856 436 subditos.
878 394 1087 436 Parentes
1123 389 1502 448 enim‚educando

88 463 218 520 filios,
254 477 521 522 promovent
556 477 597 507 et
633 480 797 520 magno
833 480 934 508 cum
972 463 1118 507 labore
1144 475 1299 506 curant
1321 461 1505 517 bonum,

88 550 178 577 non
213 536 462 592 proprium,
496 534 571 578 sed
606 536 807 592 ipsorum
843 534 1054 579 filiorum:
1082 535 1163 576 hos
1186 534 1356 576 sanein
1383 548 1509 575 suam

87 605 325 648 utilitatem
359 621 450 649 non
485 605 707 661 ordinant,
742 606 786 648 in
821 621 910 664 quo
945 606 1163 661 consistit,
1199 617 1245 648 ut
1280 620 1406 661 saepe
1441 602 1505 646 di-

87 689 210 719 ctum
244 689 324 733 est,
358 677 470 720 ratio
505 689 547 720 et
581 675 779 720 conditio
814 678 942 720 servi.
976 677 1098 720 Idem
1133 676 1200 720 dic
1230 675 1282 719 de
1317 674 1506 718 naturali

88 748 238 790 uxoris
272 746 324 790 ad
357 748 504 790 virum
538 746 829 790 subiectione:
852 762 961 790 uxor
987 760 1052 790 est
1085 747 1260 791 subdita
1279 748 1389 802 viro,
1414 761 1505 788 non

87 834 211 862 serva
230 818 317 878 (1).
335 819 380 862 Si
398 817 615 862 subiectio
629 819 808 876 quaevis
827 817 1048 861 sufficeret
1068 818 1119 862 ad
1141 817 1505 861 constituendam

92 889 300 933 servilem
335 889 664 946 mancipiorum
716 887 1037 945 conditionem,
1062 890 1212 932 iamin
1246 890 1339 947 ipsa
1373 889 1507 931 etiam

92 959 316 1018 republica
349 960 464 1003 cives
499 959 583 1003 dici
617 958 829 1003 deberent
863 961 991 1016 servi,
1038 972 1191 1018 utpote
1237 960 1507 1011 auctoritati,

91 1047 202 1091 quae
236 1030 502 1089 reipublicae
537 1044 723 1089 praeest,
758 1030 959 1074 subiecti.
992 1058 1044 1063 ——
1083 1031 1149 1075 Ad
1176 1038 1247 1075 2.¹¹¹
1273 1030 1512 1089 responde-

90 1119 207 1161 mus,
241 1103 469 1159 familiam,
503 1117 578 1160 per
612 1118 657 1144 se
692 1102 934 1160 loquendo,
968 1119 1097 1160 posse
1132 1118 1269 1161 aeque
1288 1101 1505 1145 adducere

90 1175 142 1219 ad
177 1174 485 1218 monarchiam
519 1175 587 1218 vel
620 1173 672 1217 ad
706 1173 1023 1218 democratiam
1059 1175 1127 1217 vel
1160 1174 1211 1217 ad
1246 1174 1375 1216 aliam
1421 1172 1509 1216 for-

89 1261 208 1289 mam
233 1247 323 1289 sive
357 1245 606 1303 simplicem
641 1247 731 1289 sive
755 1246 940 1288 mixtam
965 1247 1008 1288 in
1035 1247 1209 1288 civitate
1230 1246 1507 1287 constituen-

90 1316 190 1360 dam
215 1316 302 1375 (2).
338 1316 567 1372 Ceterum,
602 1328 650 1359 ut
683 1331 765 1359 suo
800 1316 897 1358 loco
932 1315 1195 1372 videbimus,
1230 1315 1370 1358 forma
1414 1330 1511 1357 mo-

90 1389 294 1432 narchica
329 1401 393 1432 est
427 1400 525 1446 apta
559 1388 609 1432 ad
637 1388 771 1431 finem
798 1389 935 1432 civilis
957 1390 1171 1431 consortii
1197 1387 1507 1431 obtinendum.

94 1488 147 1493 ——
182 1459 250 1504 Ad
285 1467 356 1517 3.¹¹¹
390 1475 622 1517 negamus,
656 1476 838 1503 omnem
874 1460 1214 1516 subiectionem,
1240 1460 1508 1502 nominatim

90 1548 194 1577 vero
228 1531 553 1577 subiectionem
590 1531 787 1574 filiorum
808 1531 1080 1589 parentibus,
1106 1530 1389 1588 repetendam
1410 1546 1504 1572 esse

89 1621 111 1648 a
144 1617 390 1648 contractu.
426 1605 527 1657 Qua
561 1602 613 1646 de
647 1619 692 1646 re
726 1619 828 1647 cum
863 1619 989 1660 saepe
1025 1603 1191 1646 dictum
1217 1604 1287 1659 sit,
1313 1602 1505 1645 nilaliud

89 1675 302 1720 addemus
340 1674 427 1734 (3).
463 1701 515 1706 ——
553 1674 618 1717 Ad
652 1681 724 1731 4¹¹¹
758 1674 1149 1730 ad1rotann13‚eos‚
1185 1676 1260 1732 qui
1295 1673 1509 1716 familiam

91 1747 268 1803 habent,
302 1745 455 1791 validis
492 1745 754 1802 rationibus⁷
790 1758 830 1788 et
865 1744 1151 1788 validioribus
1187 1746 1335 1800 etiam,
1372 1760 1506 1802 quam

90 1818 278 1876 simplex
310 1817 607 1874 individuum,
641 1818 807 1875 impelli
842 1816 892 1859 ad
928 1818 1113 1874 patriam
1169 1815 1418 1859 amandam:
1454 1816 1510 1857 si-

91 1889 271 1948 quidem
305 1905 327 1932 a
361 1891 559 1947 potentia
608 1905 654 1931 ac
704 1889 995 1946 prosperitate
1046 1889 1208 1945 patriae
1260 1885 1510 1944 dependent

91 1961 302 2004 securitas
338 1973 379 2003 et
414 1959 595 2003 felicitas
630 1959 833 2015 familiae,
870 1960 939 2001 cui
972 1971 1196 2015 praesunt.

186 2047 280 2089 154.
316 2033 563 2076 SenomoN.
599 2032 661 2075 Ex
696 2033 762 2087 iis,
797 2047 907 2089 quae
944 2031 1020 2073 hac
1057 2033 1099 2073 in
1135 2030 1247 2073 thesi
1300 2029 1509 2086 diximus,

90 2105 396 2162 intelligentur
430 2104 553 2147 facile
589 2120 651 2160 ea,
686 2120 796 2162 quae
832 2103 1108 2147 subjicimus.

208 2176 239 2219 I.
276 2176 433 2230 Quum
471 2174 780 2218 immediatum
818 2176 1040 2217 societatis
1076 2176 1213 2219 civilis
1260 2173 1509 2218 subiectum

162 2363 219 2408 (1)
247 2363 301 2398 Cf.
329 2374 445 2409 super.
471 2375 551 2409 pag.
574 2362 649 2406 164.

166 2426 212 2466 (2)
241 2423 295 2457 Cf.
323 2435 439 2468 super.
468 2422 778 2468 pag.162.adnot.
812 2431 838 2456 1.

164 2481 213 2527 (3)
243 2481 296 2516 Cf.
326 2494 442 2527 super.
474 2494 553 2527 pag.
587 2492 661 2515 121.
691 2491 724 2514 et
756 2492 831 2526 134.
