1705 2787
656 83 708 96 a„
745 61 827 121 249
865 82 916 96 uu

72 170 319 217 submittit:
340 186 405 215 est
428 173 615 230 proinde
639 173 913 216 seditionum
939 172 1284 216 fundamentum
1304 188 1324 214 a
1346 167 1498 214 factio-

70 247 128 288 sis
162 260 209 287 ac
243 244 479 288 rebellibus
513 244 767 287 avidissime
813 245 1137 302 arripiendum,
1186 245 1262 302 qui
1312 257 1420 285 sane
1454 243 1499 284 in

71 317 290 374 principes
324 317 556 371 insurgere
590 331 724 373 seque
750 317 795 358 in
820 315 1072 358 libertatem
1097 315 1336 370 vindicare7
1362 328 1502 372 quan-

71 386 324 444 documque
358 387 440 443 ipsi
475 386 716 441 voluerint,
751 401 802 428 eo
837 387 934 429 iure
969 386 1070 429 freti
1104 399 1297 443 possunt
1331 385 1418 442 (1).
1447 409 1500 415 -—-

71 460 222 502 Dices:
260 459 304 500 in
339 457 422 499 hac
454 458 587 499 etiam
622 456 809 511 theoria,
836 472 927 499 non
951 457 1175 499 voluntati
1210 456 1503 499 uniuscuius-

71 545 170 587 que,
205 529 278 572 sed
325 528 542 571 voluntati
566 528 704 569 totius
730 528 887 584 populi
922 527 1058 570 fasces
1086 529 1194 583 regii
1219 526 1498 570 submittun-

72 614 156 643 tur.
194 598 457 656 Respondeo
490 598 637 655 primo
654 615 669 639 :i
698 611 808 655 quot
852 611 1109 656 quantaque
1145 598 1340 640 facinora
1377 612 1501 654 prae-

72 684 192 714 textu
229 671 473 714 voluntatis
507 669 733 725 popularis
770 671 1016 726 perpetrari
1063 685 1154 712 non
1189 669 1358 711 solent!
1394 669 1501 711 Res-

72 740 270 798 spondeo
304 738 524 782 secundo:
561 738 682 796 quod
716 739 833 781 licite
868 752 1017 796 potest
1054 739 1164 795 fieri,
1192 751 1339 797 potest
1365 739 1500 781 etiam

73 815 188 857 licite
223 812 480 866 desiderari,
515 823 648 868 atque
682 810 776 852 aliis
813 811 1006 854 suaderi.
1057 812 1176 867 Ergo
1210 813 1246 853 si
1279 810 1501 854 voluntati

73 883 226 942 populi
261 881 396 924 fasces
432 881 541 936 regii
575 892 680 922 sunt
715 880 943 935 submissi,
979 881 1097 923 licite
1120 882 1282 938 poterit
1309 880 1501 938 populus

73 971 94 998 a
129 954 388 1009 demagogis
423 952 598 994 incitari
634 950 686 993 ad
722 967 844 1006 reges
881 969 901 993 e
938 951 1085 994 medio
1121 951 1358 1007 tollendos,
1393 967 1502 1009 quo-

73 1028 354 1082 tiescumque
388 1024 597 1080 affulgeat
632 1038 730 1080 spes
765 1023 903 1065 felicis
929 1025 1085 1066 exitus.
1122 1024 1205 1067 Sed
1240 1037 1346 1066 tunc
1372 1039 1503 1081 quae-

75 1114 177 1141 nam
226 1097 388 1154 poterit
423 1110 516 1137 esse
559 1110 642 1152 pax
697 1095 741 1136 in
777 1095 970 1150 civitate,
1005 1111 1226 1153 quaenam
1276 1096 1503 1151 securitas,

74 1184 293 1228 quaenam
327 1167 625 1225 prosperitas?
659 1164 744 1208 Sed
778 1167 866 1208 iarn
900 1166 951 1208 ad
987 1167 1171 1209 alteram
1206 1166 1383 1209 theseos
1402 1182 1504 1224 par-

74 1255 163 1285 tem
197 1241 443 1295 veniamus,
478 1253 588 1296 quae
623 1250 773 1280 tamen
807 1239 878 1280 vix
912 1253 933 1279 a
968 1237 1249 1295 praecedenti
1283 1237 1441 1280 differt.

162 1314 215 1357 H.
250 1314 364 1356 Sunt
394 1313 471 1369 qui
495 1310 788 1366 contendunt,
814 1311 981 1368 populo
1005 1312 1149 1353 inesse
1175 1312 1243 1353 ius
1270 1311 1503 1354 essentiale

75 1400 116 1429 et
149 1384 428 1429 inalienabile
462 1384 661 1440 suffragii
696 1383 974 1439 universalis,
1011 1399 1102 1441 quo
1137 1399 1310 1440 semper
1346 1395 1388 1425 et
1421 1398 1503 1440 pro

76 1457 200 1501 libito
235 1457 375 1513 possit
409 1467 631 1512 receptam
665 1455 895 1510 regiminis
930 1453 1122 1496 formam
1164 1455 1406 1496 immutare
1446 1453 1504 1496 le-

75 1531 347 1587 gitimosque
381 1528 602 1585 principes
637 1525 875 1583 deponere.
912 1527 1044 1579 Quae
1082 1527 1267 1568 assertio
1303 1541 1401 1568 vera
1439 1541 1504 1567 es-

77 1615 155 1657 set,
190 1603 225 1643 si
258 1616 357 1643 vera
393 1599 507 1642 foret
555 1599 727 1641 theoria
764 1598 815 1641 de
865 1599 1089 1641 essentiali
1142 1612 1183 1641 et
1234 1598 1505 1641 inalienabili

77 1674 228 1732 populi
263 1673 548 1729 suprematia.
568 1673 707 1729 Atqui
743 1672 847 1714 haec
874 1672 1044 1714 theoria
1072 1685 1135 1714 est
1161 1672 1359 1728 apprime
1385 1669 1503 1713 falsa.

78 1749 194 1803 Ergo
230 1762 320 1788 non
355 1746 482 1788 datur
518 1744 625 1787 illud
647 1747 714 1787 ius
750 1745 946 1801 suflragii
981 1746 1256 1788 universalis.
1284 1772 1334 1777 ——
1363 1746 1503 1787 Minor

78 1830 195 1874 patet
229 1834 280 1859 ex
313 1817 452 1874 priori
486 1816 618 1858 huius
653 1816 790 1858 thesis
825 1829 962 1872 parte,
998 1817 1041 1857 111
1080 1831 1165 1872 qua
1201 1831 1292 1858 non
1329 1814 1370 1858 id
1406 1817 1504 1873 qui-

79 1891 177 1932 dem
212 1889 547 1947 affirmavimus,
583 1887 678 1930 fieri
713 1903 965 1944 numquam
999 1902 1127 1944 posse
1164 1900 1210 1929 ut
1259 1888 1503 1930 auctoritas

81 1961 265 2004 resideat
300 1963 343 2004 in
394 1962 719 2003 communitate
769 1959 1081 2018 (concedimus
1132 1961 1251 2001 enim
1302 1961 1502 2016 regimen

81 2035 430 2078 democraticum
467 2051 557 2077 non
593 2050 686 2076 esse
711 2051 761 2076 ex
787 2050 831 2075 se
857 2034 1114 2090 illicitu1n);
1140 2031 1214 2075 sed
1240 2035 1500 2090 negavimus

80 2110 295 2167 populum
331 2124 504 2166 semper
539 2121 580 2150 et
614 2110 659 2150 in
693 2108 848 2165 quavis
886 2106 1123 2164 hypothesi
1160 2105 1271 2147 hanc
1307 2106 1502 2148 auctori-

81 2197 215 2227 tatem
250 2183 491 2240 possidere,
528 2199 670 2239 neque
697 2182 815 2225 illam
843 2196 1043 2242 unquam
1069 2180 1259 2222 alienare
1279 2189 1353 2219 aut
1378 2177 1506 2219 amit-

83 2272 171 2302 tere
207 2273 350 2315 posse.

100 2524 105 2528 .
128 2486 183 2529 (1)
213 2486 306 2519 llaec
337 2494 413 2518 sunt
446 2484 560 2519 iacobi
585 2484 678 2528 regis
699 2480 850 2526 Angliac
879 2481 984 2515 verba
1014 2489 1126 2525 super.
1157 2476 1306 2514 adducm
1329 2491 1405 2524 pag.
1427 2484 1503 2523 227.
