<?xml version="1.0" encoding="UTF-8"?>
<!DOCTYPE html PUBLIC "-//W3C//DTD XHTML 1.0 Transitional//EN"
    "http://www.w3.org/TR/xhtml1/DTD/xhtml1-transitional.dtd">
<html xmlns="http://www.w3.org/1999/xhtml" xml:lang="en" lang="en">
 <head>
  <title>
</title>
<meta http-equiv="Content-Type" content="text/html;charset=utf-8" />
  <meta name='ocr-system' content='tesseract 3.04.00' />
  <meta name='ocr-capabilities' content='ocr_page ocr_carea ocr_par ocr_line ocrx_word'/>
</head>
<body>
  <div class='ocr_page' id='page_1' title='image "./institutionesphi03ferr_0148.png"; bbox 0 0 1705 2787; ppageno 0'>
   <div class='ocr_carea' id='block_1_1' title="bbox 756 70 1013 116">
    <p class='ocr_par' dir='ltr' id='par_1_1' title="bbox 756 70 1013 116">
     <span class='ocr_line' id='line_1_1' title="bbox 756 70 1013 116; baseline -0.008 -24"><span class='ocrx_word' id='word_1_1' title='bbox 756 70 1013 116; x_wconf 29' lang='grc' dir='ltr'>,ΛΗ-</span> 
     </span>
    </p>
   </div>
   <div class='ocr_carea' id='block_1_2' title="bbox 159 157 1591 1935">
    <p class='ocr_par' dir='ltr' id='par_1_2' title="bbox 173 157 1591 718">
     <span class='ocr_line' id='line_1_2' title="bbox 177 157 1591 220; baseline -0.004 -13"><span class='ocrx_word' id='word_1_2' title='bbox 177 174 248 207; x_wconf 84' lang='lat' dir='ltr'>tur</span> <span class='ocrx_word' id='word_1_3' title='bbox 272 163 315 206; x_wconf 85' lang='lat' dir='ltr'>in</span> <span class='ocrx_word' id='word_1_4' title='bbox 344 162 511 206; x_wconf 86' lang='lat' dir='ltr'>bonum</span> <span class='ocrx_word' id='word_1_5' title='bbox 548 162 756 205; x_wconf 82' lang='lat' dir='ltr'>hominis:</span> <span class='ocrx_word' id='word_1_6' title='bbox 778 178 823 205; x_wconf 81' lang='lat' dir='ltr'>ac</span> <span class='ocrx_word' id='word_1_7' title='bbox 843 161 1029 220; x_wconf 80' lang='lat' dir='ltr'>proinde</span> <span class='ocrx_word' id='word_1_8' title='bbox 1055 174 1159 205; x_wconf 88' lang='lat' dir='ltr'>sunt</span> <span class='ocrx_word' id='word_1_9' title='bbox 1180 160 1346 205; x_wconf 76' lang='lat' dir='ltr'>totaliter</span> <span class='ocrx_word' id='word_1_10' title='bbox 1374 157 1591 203; x_wconf 73' lang='lat' dir='ltr'>obnoxiae</span> 
     </span>
     <span class='ocr_line' id='line_1_3' title="bbox 176 232 1591 292; baseline -0.003 -15"><span class='ocrx_word' id='word_1_11' title='bbox 176 237 377 279; x_wconf 77' lang='lat' dir='ltr'>servituti</span> <span class='ocrx_word' id='word_1_12' title='bbox 399 235 606 277; x_wconf 83' lang='lat' dir='ltr'>hominis.</span> <span class='ocrx_word' id='word_1_13' title='bbox 627 261 679 265; x_wconf 93' lang='lat'>—</span> <span class='ocrx_word' id='word_1_14' title='bbox 696 235 808 290; x_wconf 86' lang='lat' dir='ltr'>Apte</span> <span class='ocrx_word' id='word_1_15' title='bbox 828 235 989 276; x_wconf 79' lang='lat' dir='ltr'>Seneca</span> <span class='ocrx_word' id='word_1_16' title='bbox 1010 233 1095 292; x_wconf 83' lang='lat'>(1):</span> <span class='ocrx_word' id='word_1_17' title='bbox 1115 251 1134 274; x_wconf 85' lang='lat'>«</span> <span class='ocrx_word' id='word_1_18' title='bbox 1158 234 1299 289; x_wconf 84' lang='lat' dir='ltr'>Errat,</span> <span class='ocrx_word' id='word_1_19' title='bbox 1323 234 1357 275; x_wconf 87' lang='lat' dir='ltr'>si</span> <span class='ocrx_word' id='word_1_20' title='bbox 1382 233 1479 290; x_wconf 85' lang='lat' dir='ltr'>quis</span> <span class='ocrx_word' id='word_1_21' title='bbox 1504 232 1591 274; x_wconf 83' lang='lat' dir='ltr'>exi—</span> 
     </span>
     <span class='ocr_line' id='line_1_4' title="bbox 176 303 1586 356; baseline -0.002 -7"><span class='ocrx_word' id='word_1_22' title='bbox 176 308 300 349; x_wconf 88' lang='lat' dir='ltr'>timat</span> <span class='ocrx_word' id='word_1_23' title='bbox 337 307 594 348; x_wconf 60' lang='lat' dir='ltr'>servitutem</span> <span class='ocrx_word' id='word_1_24' title='bbox 631 306 672 347; x_wconf 89' lang='lat' dir='ltr'>in</span> <span class='ocrx_word' id='word_1_25' title='bbox 709 313 827 347; x_wconf 70' lang='lat' dir='ltr'>tatum</span> <span class='ocrx_word' id='word_1_26' title='bbox 866 305 1093 348; x_wconf 88' lang='lat' dir='ltr'>hominem</span> <span class='ocrx_word' id='word_1_27' title='bbox 1130 304 1453 348; x_wconf 79' lang='lat' dir='ltr'><strong>descendere»,</strong></span> <span class='ocrx_word' id='word_1_28' title='bbox 1494 303 1586 356; x_wconf 87' lang='lat' dir='ltr'>Qui</span> 
     </span>
     <span class='ocr_line' id='line_1_5' title="bbox 175 374 1591 433; baseline -0.004 -12"><span class='ocrx_word' id='word_1_29' title='bbox 175 379 213 421; x_wconf 83' lang='lat' dir='ltr'>id</span> <span class='ocrx_word' id='word_1_30' title='bbox 249 379 484 429; x_wconf 76' lang='lat' dir='ltr'>existimat,</span> <span class='ocrx_word' id='word_1_31' title='bbox 519 376 727 433; x_wconf 76' lang='lat' dir='ltr'>deprimit</span> <span class='ocrx_word' id='word_1_32' title='bbox 762 375 1021 433; x_wconf 83' lang='lat' dir='ltr'>dignitatem</span> <span class='ocrx_word' id='word_1_33' title='bbox 1049 389 1230 419; x_wconf 90' lang='lat' dir='ltr'>naturae</span> <span class='ocrx_word' id='word_1_34' title='bbox 1256 376 1488 419; x_wconf 75' lang='lat' dir='ltr'>humanae:</span> <span class='ocrx_word' id='word_1_35' title='bbox 1512 374 1591 416; x_wconf 91' lang='lat' dir='ltr'>ho-</span> 
     </span>
     <span class='ocr_line' id='line_1_6' title="bbox 175 444 1586 505; baseline -0.004 -13"><span class='ocrx_word' id='word_1_36' title='bbox 175 451 338 492; x_wconf 84' lang='lat' dir='ltr'>minem</span> <span class='ocrx_word' id='word_1_37' title='bbox 375 449 626 505; x_wconf 67' lang='lat' dir='ltr'>aequiparat</span> <span class='ocrx_word' id='word_1_38' title='bbox 663 446 809 503; x_wconf 86' lang='lat' dir='ltr'>bruto,</span> <span class='ocrx_word' id='word_1_39' title='bbox 843 463 944 490; x_wconf 87' lang='lat' dir='ltr'>eum</span> <span class='ocrx_word' id='word_1_40' title='bbox 981 449 1024 490; x_wconf 88' lang='lat' dir='ltr'>in</span> <span class='ocrx_word' id='word_1_41' title='bbox 1070 447 1226 490; x_wconf 88' lang='lat' dir='ltr'>eodem</span> <span class='ocrx_word' id='word_1_42' title='bbox 1271 463 1404 489; x_wconf 85' lang='lat' dir='ltr'>censu</span> <span class='ocrx_word' id='word_1_43' title='bbox 1457 444 1586 489; x_wconf 87' lang='lat' dir='ltr'>habet</span> 
     </span>
     <span class='ocr_line' id='line_1_7' title="bbox 173 517 1589 576; baseline -0.003 -14"><span class='ocrx_word' id='word_1_44' title='bbox 173 536 218 562; x_wconf 75' lang='lat' dir='ltr'>ac</span> <span class='ocrx_word' id='word_1_45' title='bbox 240 536 306 562; x_wconf 88' lang='lat' dir='ltr'>res</span> <span class='ocrx_word' id='word_1_46' title='bbox 332 521 444 576; x_wconf 85' lang='lat' dir='ltr'>ipsas</span> <span class='ocrx_word' id='word_1_47' title='bbox 464 519 741 560; x_wconf 87' lang='lat' dir='ltr'>inanimatas.</span> <span class='ocrx_word' id='word_1_48' title='bbox 767 518 815 559; x_wconf 87' lang='lat' dir='ltr'>ln</span> <span class='ocrx_word' id='word_1_49' title='bbox 843 517 924 560; x_wconf 84' lang='lat' dir='ltr'>hoc</span> <span class='ocrx_word' id='word_1_50' title='bbox 950 517 1140 573; x_wconf 74' lang='lat' dir='ltr'>dignitas</span> <span class='ocrx_word' id='word_1_51' title='bbox 1166 529 1346 560; x_wconf 84' lang='lat' dir='ltr'>naturae</span> <span class='ocrx_word' id='word_1_52' title='bbox 1371 517 1589 559; x_wconf 77' lang='lat' dir='ltr'>humanae</span> 
     </span>
     <span class='ocr_line' id='line_1_8' title="bbox 176 586 1589 646; baseline -0.003 -13"><span class='ocrx_word' id='word_1_53' title='bbox 176 591 393 644; x_wconf 71' lang='lat' dir='ltr'>consistit,</span> <span class='ocrx_word' id='word_1_54' title='bbox 418 587 536 646; x_wconf 88' lang='lat' dir='ltr'>quod</span> <span class='ocrx_word' id='word_1_55' title='bbox 561 589 616 630; x_wconf 86' lang='lat' dir='ltr'>sit</span> <span class='ocrx_word' id='word_1_56' title='bbox 641 587 749 630; x_wconf 83' lang='lat' dir='ltr'>facta</span> <span class='ocrx_word' id='word_1_57' title='bbox 774 603 849 630; x_wconf 91' lang='lat' dir='ltr'>seu</span> <span class='ocrx_word' id='word_1_58' title='bbox 876 587 1075 630; x_wconf 87' lang='lat' dir='ltr'>ordinata</span> <span class='ocrx_word' id='word_1_59' title='bbox 1099 588 1353 631; x_wconf 85' lang='lat' dir='ltr'>immediate</span> <span class='ocrx_word' id='word_1_60' title='bbox 1373 586 1424 630; x_wconf 91' lang='lat' dir='ltr'>ad</span> <span class='ocrx_word' id='word_1_61' title='bbox 1444 588 1589 630; x_wconf 89' lang='lat' dir='ltr'>Deum</span> 
     </span>
     <span class='ocr_line' id='line_1_9' title="bbox 177 659 1068 718; baseline -0.003 -14"><span class='ocrx_word' id='word_1_62' title='bbox 177 675 403 718; x_wconf 85' lang='lat' dir='ltr'>tamquam</span> <span class='ocrx_word' id='word_1_63' title='bbox 429 659 565 702; x_wconf 83' lang='lat' dir='ltr'>finem</span> <span class='ocrx_word' id='word_1_64' title='bbox 590 675 720 702; x_wconf 90' lang='lat' dir='ltr'>suum</span> <span class='ocrx_word' id='word_1_65' title='bbox 748 659 957 702; x_wconf 91' lang='lat' dir='ltr'>ultimum</span> <span class='ocrx_word' id='word_1_66' title='bbox 982 659 1068 718; x_wconf 86' lang='lat'><strong>(2).</strong></span> 
     </span>
    </p>

    <p class='ocr_par' dir='ltr' id='par_1_3' title="bbox 159 728 1590 1846">
     <span class='ocr_line' id='line_1_10' title="bbox 264 728 1589 789; baseline -0.002 -14"><span class='ocrx_word' id='word_1_67' title='bbox 264 731 392 788; x_wconf 87' lang='lat' dir='ltr'>Illud,</span> <span class='ocrx_word' id='word_1_68' title='bbox 427 730 545 789; x_wconf 90' lang='lat' dir='ltr'>quod</span> <span class='ocrx_word' id='word_1_69' title='bbox 580 730 795 773; x_wconf 81' lang='lat' dir='ltr'>intellexit</span> <span class='ocrx_word' id='word_1_70' title='bbox 809 730 986 786; x_wconf 85' lang='lat' dir='ltr'>Seneca,</span> <span class='ocrx_word' id='word_1_71' title='bbox 1021 730 1276 788; x_wconf 85' lang='lat' dir='ltr'>philosophi</span> <span class='ocrx_word' id='word_1_72' title='bbox 1309 742 1478 773; x_wconf 75' lang='lat' dir='ltr'>veteres</span> <span class='ocrx_word' id='word_1_73' title='bbox 1503 728 1589 773; x_wconf 86' lang='lat' dir='ltr'>fere</span> 
     </span>
     <span class='ocr_line' id='line_1_11' title="bbox 178 801 1590 860; baseline -0.001 -13"><span class='ocrx_word' id='word_1_74' title='bbox 178 820 333 848; x_wconf 89' lang='lat' dir='ltr'>omnes</span> <span class='ocrx_word' id='word_1_75' title='bbox 369 819 458 846; x_wconf 89' lang='lat' dir='ltr'>non</span> <span class='ocrx_word' id='word_1_76' title='bbox 493 803 820 859; x_wconf 78' lang='lat' dir='ltr'>intellexerunt,</span> <span class='ocrx_word' id='word_1_77' title='bbox 855 803 1020 846; x_wconf 80' lang='lat' dir='ltr'>ethnici</span> <span class='ocrx_word' id='word_1_78' title='bbox 1044 803 1359 860; x_wconf 82' lang='lat' dir='ltr'>legumlatores</span> <span class='ocrx_word' id='word_1_79' title='bbox 1383 801 1471 845; x_wconf 86' lang='lat' dir='ltr'>fere</span> <span class='ocrx_word' id='word_1_80' title='bbox 1495 817 1590 845; x_wconf 91' lang='lat' dir='ltr'>om-</span> 
     </span>
     <span class='ocr_line' id='line_1_12' title="bbox 178 872 1589 930; baseline -0.003 -11"><span class='ocrx_word' id='word_1_81' title='bbox 178 892 253 919; x_wconf 90' lang='lat' dir='ltr'>nes</span> <span class='ocrx_word' id='word_1_82' title='bbox 288 890 376 917; x_wconf 90' lang='lat' dir='ltr'>non</span> <span class='ocrx_word' id='word_1_83' title='bbox 413 873 700 917; x_wconf 88' lang='lat' dir='ltr'>admiserunt.</span> <span class='ocrx_word' id='word_1_84' title='bbox 755 874 851 930; x_wconf 88' lang='lat' dir='ltr'>Ipsa</span> <span class='ocrx_word' id='word_1_85' title='bbox 886 875 1195 918; x_wconf 86' lang='lat' dir='ltr'>Romanorum</span> <span class='ocrx_word' id='word_1_86' title='bbox 1230 872 1589 930; x_wconf 85' lang='lat' dir='ltr'>iurisprudentia,</span> 
     </span>
     <span class='ocr_line' id='line_1_13' title="bbox 175 944 1589 1005; baseline -0.002 -15"><span class='ocrx_word' id='word_1_87' title='bbox 175 963 285 1005; x_wconf 84' lang='lat' dir='ltr'>quae</span> <span class='ocrx_word' id='word_1_88' title='bbox 318 947 419 989; x_wconf 74' lang='lat' dir='ltr'>ratio</span> <span class='ocrx_word' id='word_1_89' title='bbox 453 947 603 1003; x_wconf 75' lang='lat' dir='ltr'>ssrz&#39;ptcz</span> <span class='ocrx_word' id='word_1_90' title='bbox 635 945 847 1002; x_wconf 85' lang='lat' dir='ltr'>appellata</span> <span class='ocrx_word' id='word_1_91' title='bbox 882 957 961 1001; x_wconf 89' lang='lat' dir='ltr'>est,</span> <span class='ocrx_word' id='word_1_92' title='bbox 995 960 1074 1002; x_wconf 93' lang='lat' dir='ltr'>pro</span> <span class='ocrx_word' id='word_1_93' title='bbox 1100 946 1248 1002; x_wconf 80' lang='lat' dir='ltr'>aequis</span> <span class='ocrx_word' id='word_1_94' title='bbox 1275 944 1460 987; x_wconf 87' lang='lat' dir='ltr'>habebat</span> <span class='ocrx_word' id='word_1_95' title='bbox 1485 945 1589 988; x_wconf 84' lang='lat' dir='ltr'>haec</span> 
     </span>
     <span class='ocr_line' id='line_1_14' title="bbox 175 1015 1589 1073; baseline -0.001 -12"><span class='ocrx_word' id='word_1_96' title='bbox 175 1030 351 1062; x_wconf 85' lang='lat' dir='ltr'>statuta:</span> <span class='ocrx_word' id='word_1_97' title='bbox 387 1017 563 1073; x_wconf 78' lang='lat' dir='ltr'>Servus,</span> <span class='ocrx_word' id='word_1_98' title='bbox 597 1028 824 1073; x_wconf 81' lang='lat' dir='ltr'>tamquam</span> <span class='ocrx_word' id='word_1_99' title='bbox 860 1018 1057 1059; x_wconf 86' lang='lat' dir='ltr'>criminis</span> <span class='ocrx_word' id='word_1_100' title='bbox 1094 1032 1208 1072; x_wconf 83' lang='lat' dir='ltr'>reuS,</span> <span class='ocrx_word' id='word_1_101' title='bbox 1246 1015 1400 1073; x_wconf 80' lang='lat' dir='ltr'>occidi,</span> <span class='ocrx_word' id='word_1_102' title='bbox 1443 1016 1589 1069; x_wconf 78' lang='lat' dir='ltr'>vendi,</span> 
     </span>
     <span class='ocr_line' id='line_1_15' title="bbox 175 1085 1589 1144; baseline -0.001 -13"><span class='ocrx_word' id='word_1_103' title='bbox 175 1089 344 1144; x_wconf 89' lang='lat' dir='ltr'>donari,</span> <span class='ocrx_word' id='word_1_104' title='bbox 379 1087 528 1144; x_wconf 87' lang='lat' dir='ltr'>legari,</span> <span class='ocrx_word' id='word_1_105' title='bbox 562 1087 628 1129; x_wconf 79' lang='lat' dir='ltr'>vel</span> <span class='ocrx_word' id='word_1_106' title='bbox 663 1101 802 1129; x_wconf 81' lang='lat' dir='ltr'>noxae</span> <span class='ocrx_word' id='word_1_107' title='bbox 836 1085 927 1129; x_wconf 89' lang='lat' dir='ltr'>dari</span> <span class='ocrx_word' id='word_1_108' title='bbox 962 1099 1121 1144; x_wconf 87' lang='lat' dir='ltr'>potest:</span> <span class='ocrx_word' id='word_1_109' title='bbox 1148 1086 1312 1129; x_wconf 78' lang='lat' dir='ltr'>Servile</span> <span class='ocrx_word' id='word_1_110' title='bbox 1337 1099 1467 1144; x_wconf 85' lang='lat' dir='ltr'>caput</span> <span class='ocrx_word' id='word_1_111' title='bbox 1490 1087 1589 1129; x_wconf 90' lang='lat' dir='ltr'>nul-</span> 
     </span>
     <span class='ocr_line' id='line_1_16' title="bbox 175 1157 1589 1215; baseline -0.002 -12"><span class='ocrx_word' id='word_1_112' title='bbox 175 1161 269 1203; x_wconf 91' lang='lat' dir='ltr'>lum</span> <span class='ocrx_word' id='word_1_113' title='bbox 303 1160 370 1202; x_wconf 90' lang='lat' dir='ltr'>ius</span> <span class='ocrx_word' id='word_1_114' title='bbox 405 1157 549 1213; x_wconf 88' lang='lat' dir='ltr'>habet,</span> <span class='ocrx_word' id='word_1_115' title='bbox 584 1158 748 1200; x_wconf 88' lang='lat' dir='ltr'>nullius</span> <span class='ocrx_word' id='word_1_116' title='bbox 781 1158 889 1201; x_wconf 89' lang='lat' dir='ltr'>iuris</span> <span class='ocrx_word' id='word_1_117' title='bbox 924 1170 989 1200; x_wconf 88' lang='lat' dir='ltr'>est</span> <span class='ocrx_word' id='word_1_118' title='bbox 1022 1173 1168 1215; x_wconf 79' lang='lat' dir='ltr'>capax,</span> <span class='ocrx_word' id='word_1_119' title='bbox 1187 1159 1279 1201; x_wconf 89' lang='lat' dir='ltr'>imo</span> <span class='ocrx_word' id='word_1_120' title='bbox 1299 1158 1468 1200; x_wconf 85' lang='lat' dir='ltr'>nullam</span> <span class='ocrx_word' id='word_1_121' title='bbox 1492 1173 1589 1215; x_wconf 89' lang='lat' dir='ltr'>per-</span> 
     </span>
     <span class='ocr_line' id='line_1_17' title="bbox 175 1228 1589 1282; baseline -0.001 -8"><span class='ocrx_word' id='word_1_122' title='bbox 175 1246 330 1274; x_wconf 89' lang='lat' dir='ltr'>sonam</span> <span class='ocrx_word' id='word_1_123' title='bbox 365 1229 509 1272; x_wconf 88' lang='lat' dir='ltr'>habet.</span> <span class='ocrx_word' id='word_1_124' title='bbox 545 1228 791 1282; x_wconf 88' lang='lat' dir='ltr'>Quomodo</span> <span class='ocrx_word' id='word_1_125' title='bbox 827 1228 930 1272; x_wconf 84' lang='lat' dir='ltr'>haee</span> <span class='ocrx_word' id='word_1_126' title='bbox 964 1241 1005 1272; x_wconf 89' lang='lat' dir='ltr'>et</span> <span class='ocrx_word' id='word_1_127' title='bbox 1039 1230 1120 1272; x_wconf 82' lang='lat' dir='ltr'>alia</span> <span class='ocrx_word' id='word_1_128' title='bbox 1154 1230 1221 1272; x_wconf 91' lang='lat' dir='ltr'>his</span> <span class='ocrx_word' id='word_1_129' title='bbox 1241 1229 1402 1272; x_wconf 81' lang='lat' dir='ltr'>similia</span> <span class='ocrx_word' id='word_1_130' title='bbox 1426 1241 1589 1273; x_wconf 86' lang='lat' dir='ltr'>statuta</span> 
     </span>
     <span class='ocr_line' id='line_1_18' title="bbox 174 1300 1587 1360; baseline -0.001 -15"><span class='ocrx_word' id='word_1_131' title='bbox 174 1318 254 1360; x_wconf 90' lang='lat' dir='ltr'>pro</span> <span class='ocrx_word' id='word_1_132' title='bbox 289 1303 438 1359; x_wconf 78' lang='lat' dir='ltr'>aequis</span> <span class='ocrx_word' id='word_1_133' title='bbox 483 1312 670 1358; x_wconf 83' lang='lat' dir='ltr'>possunt</span> <span class='ocrx_word' id='word_1_134' title='bbox 720 1300 885 1357; x_wconf 87' lang='lat' dir='ltr'>haberi,</span> <span class='ocrx_word' id='word_1_135' title='bbox 929 1301 1013 1343; x_wconf 86' lang='lat' dir='ltr'>nisi</span> <span class='ocrx_word' id='word_1_136' title='bbox 1062 1312 1278 1358; x_wconf 82' lang='lat' dir='ltr'>quatenus</span> <span class='ocrx_word' id='word_1_137' title='bbox 1313 1300 1587 1357; x_wconf 82' lang='lat' dir='ltr'>admittatur,</span> 
     </span>
     <span class='ocr_line' id='line_1_19' title="bbox 173 1372 1590 1432; baseline -0.001 -15"><span class='ocrx_word' id='word_1_138' title='bbox 173 1373 290 1432; x_wconf 90' lang='lat' dir='ltr'>quod</span> <span class='ocrx_word' id='word_1_139' title='bbox 326 1388 470 1416; x_wconf 77' lang='lat' dir='ltr'>ser-vus</span> <span class='ocrx_word' id='word_1_140' title='bbox 504 1388 583 1415; x_wconf 82' lang='lat' dir='ltr'>non</span> <span class='ocrx_word' id='word_1_141' title='bbox 619 1381 673 1415; x_wconf 80' lang='lat' dir='ltr'>est</span> <span class='ocrx_word' id='word_1_142' title='bbox 704 1373 833 1429; x_wconf 72' lang='lat' dir='ltr'>homo,</span> <span class='ocrx_word' id='word_1_143' title='bbox 868 1372 987 1430; x_wconf 87' lang='lat' dir='ltr'>quod</span> <span class='ocrx_word' id='word_1_144' title='bbox 1021 1374 1131 1415; x_wconf 67' lang='lat' dir='ltr'>saa-vi</span> <span class='ocrx_word' id='word_1_145' title='bbox 1179 1381 1211 1415; x_wconf 80' lang='lat' dir='ltr'>et</span> <span class='ocrx_word' id='word_1_146' title='bbox 1253 1372 1369 1416; x_wconf 73' lang='lat' dir='ltr'>liberi</span> <span class='ocrx_word' id='word_1_147' title='bbox 1401 1374 1481 1416; x_wconf 80' lang='lat' dir='ltr'>sint</span> <span class='ocrx_word' id='word_1_148' title='bbox 1514 1389 1590 1416; x_wconf 78' lang='lat' dir='ltr'>na-</span> 
     </span>
     <span class='ocr_line' id='line_1_20' title="bbox 171 1441 1587 1501; baseline -0.001 -14"><span class='ocrx_word' id='word_1_149' title='bbox 171 1454 263 1487; x_wconf 77' lang='lat' dir='ltr'>tura</span> <span class='ocrx_word' id='word_1_150' title='bbox 296 1444 488 1487; x_wconf 75' lang='lat' dir='ltr'>diversi?</span> <span class='ocrx_word' id='word_1_151' title='bbox 522 1444 636 1485; x_wconf 86' lang='lat' dir='ltr'>Hinc</span> <span class='ocrx_word' id='word_1_152' title='bbox 671 1442 784 1500; x_wconf 86' lang='lat' dir='ltr'>apud</span> <span class='ocrx_word' id='word_1_153' title='bbox 818 1443 1071 1486; x_wconf 75' lang='lat' dir='ltr'>Iuvenalem</span> <span class='ocrx_word' id='word_1_154' title='bbox 1111 1441 1183 1501; x_wconf 81' lang='lat'>(3)</span> <span class='ocrx_word' id='word_1_155' title='bbox 1217 1442 1443 1500; x_wconf 77' lang='lat' dir='ltr'>dominus,</span> <span class='ocrx_word' id='word_1_156' title='bbox 1486 1459 1587 1486; x_wconf 82' lang='lat' dir='ltr'>cum</span> 
     </span>
     <span class='ocr_line' id='line_1_21' title="bbox 171 1516 1587 1573; baseline -0.001 -14"><span class='ocrx_word' id='word_1_157' title='bbox 171 1518 371 1560; x_wconf 81' lang='lat' dir='ltr'>iussisset</span> <span class='ocrx_word' id='word_1_158' title='bbox 404 1517 509 1573; x_wconf 91' lang='lat' dir='ltr'>poni</span> <span class='ocrx_word' id='word_1_159' title='bbox 534 1531 709 1558; x_wconf 79' lang='lat' dir='ltr'>erucem</span> <span class='ocrx_word' id='word_1_160' title='bbox 744 1530 886 1571; x_wconf 78' lang='lat' dir='ltr'>servo,</span> <span class='ocrx_word' id='word_1_161' title='bbox 911 1530 1101 1572; x_wconf 83' lang='lat' dir='ltr'>cumque</span> <span class='ocrx_word' id='word_1_162' title='bbox 1120 1516 1472 1571; x_wconf 78' lang='lat' dir='ltr'>interrogaretur</span> <span class='ocrx_word' id='word_1_163' title='bbox 1497 1530 1587 1572; x_wconf 90' lang='lat' dir='ltr'>quo</span> 
     </span>
     <span class='ocr_line' id='line_1_22' title="bbox 159 1585 1587 1644; baseline -0.002 -13"><span class='ocrx_word' id='word_1_164' title='bbox 159 1589 357 1631; x_wconf 79' lang='lat' dir='ltr'>&#39;crimine</span> <span class='ocrx_word' id='word_1_165' title='bbox 390 1602 542 1630; x_wconf 81' lang='lat' dir='ltr'>servus</span> <span class='ocrx_word' id='word_1_166' title='bbox 577 1587 813 1629; x_wconf 86' lang='lat' dir='ltr'>meruisset</span> <span class='ocrx_word' id='word_1_167' title='bbox 862 1601 1054 1643; x_wconf 84' lang='lat' dir='ltr'>crucem,</span> <span class='ocrx_word' id='word_1_168' title='bbox 1103 1588 1200 1644; x_wconf 89' lang='lat' dir='ltr'>quis</span> <span class='ocrx_word' id='word_1_169' title='bbox 1235 1588 1358 1629; x_wconf 86' lang='lat' dir='ltr'>testis</span> <span class='ocrx_word' id='word_1_170' title='bbox 1402 1585 1587 1642; x_wconf 84' lang='lat' dir='ltr'>adesset,</span> 
     </span>
     <span class='ocr_line' id='line_1_23' title="bbox 171 1657 1586 1717; baseline -0.001 -16"><span class='ocrx_word' id='word_1_171' title='bbox 171 1661 268 1717; x_wconf 89' lang='lat' dir='ltr'>quis</span> <span class='ocrx_word' id='word_1_172' title='bbox 304 1657 547 1713; x_wconf 83' lang='lat' dir='ltr'>detulisset,</span> <span class='ocrx_word' id='word_1_173' title='bbox 583 1659 643 1700; x_wconf 85' lang='lat' dir='ltr'>sic</span> <span class='ocrx_word' id='word_1_174' title='bbox 678 1657 929 1714; x_wconf 85' lang='lat' dir='ltr'>respondet:</span> <span class='ocrx_word' id='word_1_175' title='bbox 968 1675 987 1697; x_wconf 88' lang='lat'>«</span> <span class='ocrx_word' id='word_1_176' title='bbox 1017 1657 1067 1701; x_wconf 72' lang='lat' dir='ltr'>‘O</span> <span class='ocrx_word' id='word_1_177' title='bbox 1102 1657 1313 1700; x_wconf 85' lang='lat' dir='ltr'>demens!</span> <span class='ocrx_word' id='word_1_178' title='bbox 1348 1658 1410 1700; x_wconf 77' lang='lat' dir='ltr'>Ita</span> <span class='ocrx_word' id='word_1_179' title='bbox 1443 1672 1586 1700; x_wconf 73' lang='lat' dir='ltr'>servus</span> 
     </span>
     <span class='ocr_line' id='line_1_24' title="bbox 172 1728 1586 1786; baseline -0.002 -12"><span class='ocrx_word' id='word_1_180' title='bbox 172 1732 286 1774; x_wconf 80' lang='lat' dir='ltr'>Immo</span> <span class='ocrx_word' id='word_1_181' title='bbox 321 1739 387 1774; x_wconf 76' lang='lat' dir='ltr'>est.</span> <span class='ocrx_word' id='word_1_182' title='bbox 422 1730 498 1774; x_wconf 91' lang='lat' dir='ltr'>Nil</span> <span class='ocrx_word' id='word_1_183' title='bbox 530 1729 692 1773; x_wconf 84' lang='lat' dir='ltr'>fecerit:</span> <span class='ocrx_word' id='word_1_184' title='bbox 739 1742 848 1773; x_wconf 86' lang='lat' dir='ltr'>esto.</span> <span class='ocrx_word' id='word_1_185' title='bbox 885 1730 953 1772; x_wconf 76' lang='lat' dir='ltr'>Sic</span> <span class='ocrx_word' id='word_1_186' title='bbox 987 1729 1105 1786; x_wconf 85' lang='lat' dir='ltr'>volo,</span> <span class='ocrx_word' id='word_1_187' title='bbox 1141 1730 1201 1772; x_wconf 85' lang='lat' dir='ltr'>sic</span> <span class='ocrx_word' id='word_1_188' title='bbox 1235 1728 1381 1786; x_wconf 90' lang='lat' dir='ltr'>iubeo,</span> <span class='ocrx_word' id='word_1_189' title='bbox 1416 1730 1472 1772; x_wconf 91' lang='lat' dir='ltr'>sit</span> <span class='ocrx_word' id='word_1_190' title='bbox 1505 1744 1586 1786; x_wconf 90' lang='lat' dir='ltr'>pro</span> 
     </span>
     <span class='ocr_line' id='line_1_25' title="bbox 174 1803 626 1846; baseline -0.007 0"><span class='ocrx_word' id='word_1_191' title='bbox 174 1805 344 1846; x_wconf 89' lang='lat' dir='ltr'>ratione</span> <span class='ocrx_word' id='word_1_192' title='bbox 377 1803 626 1846; x_wconf 85' lang='lat' dir='ltr'>voluntas.»</span> 
     </span>
    </p>

    <p class='ocr_par' dir='ltr' id='par_1_4' title="bbox 262 1874 1585 1935">
     <span class='ocr_line' id='line_1_26' title="bbox 262 1874 1585 1935; baseline 0 -17"><span class='ocrx_word' id='word_1_193' title='bbox 262 1875 306 1935; x_wconf 79' lang='lat' dir='ltr'>h)</span> <span class='ocrx_word' id='word_1_194' title='bbox 341 1876 398 1918; x_wconf 83' lang='lat' dir='ltr'>At</span> <span class='ocrx_word' id='word_1_195' title='bbox 431 1875 620 1918; x_wconf 86' lang='lat' dir='ltr'>alterum</span> <span class='ocrx_word' id='word_1_196' title='bbox 654 1874 761 1919; x_wconf 90' lang='lat' dir='ltr'>illud</span> <span class='ocrx_word' id='word_1_197' title='bbox 796 1876 981 1918; x_wconf 87' lang='lat' dir='ltr'>minime</span> <span class='ocrx_word' id='word_1_198' title='bbox 1015 1886 1231 1932; x_wconf 80' lang='lat' dir='ltr'>repugnat</span> <span class='ocrx_word' id='word_1_199' title='bbox 1265 1876 1350 1918; x_wconf 90' lang='lat' dir='ltr'>iuri</span> <span class='ocrx_word' id='word_1_200' title='bbox 1383 1875 1585 1918; x_wconf 85' lang='lat' dir='ltr'>naturali.</span> 
     </span>
    </p>
   </div>
   <div class='ocr_carea' id='block_1_3' title="bbox 171 2024 382 2031">
    <p class='ocr_par' dir='ltr' id='par_1_5' title="bbox 171 2024 382 2031">
     <span class='ocr_line' id='line_1_27' title="bbox 171 2024 382 2031; baseline 0 756"><span class='ocrx_word' id='word_1_201' title='bbox 171 2024 382 2031; x_wconf 95' lang='lat' dir='ltr'> </span> 
     </span>
    </p>
   </div>
   <div class='ocr_carea' id='block_1_4' title="bbox 165 2081 1586 2488">
    <p class='ocr_par' dir='ltr' id='par_1_6' title="bbox 165 2081 1586 2238">
     <span class='ocr_line' id='line_1_28' title="bbox 243 2081 1584 2130; baseline -0.001 -12"><span class='ocrx_word' id='word_1_202' title='bbox 243 2086 288 2127; x_wconf 92' lang='lat'>(1)</span> <span class='ocrx_word' id='word_1_203' title='bbox 308 2083 362 2118; x_wconf 90' lang='lat' dir='ltr'>De</span> <span class='ocrx_word' id='word_1_204' title='bbox 390 2083 506 2119; x_wconf 85' lang='lat' dir='ltr'>benef.</span> <span class='ocrx_word' id='word_1_205' title='bbox 533 2084 553 2118; x_wconf 93' lang='lat' dir='ltr'>l.</span> <span class='ocrx_word' id='word_1_206' title='bbox 584 2096 612 2130; x_wconf 81' lang='lat'>3.</span> <span class='ocrx_word' id='word_1_207' title='bbox 641 2096 715 2130; x_wconf 83' lang='lat' dir='ltr'>cap.</span> <span class='ocrx_word' id='word_1_208' title='bbox 745 2095 800 2119; x_wconf 83' lang='lat'>20.</span> <span class='ocrx_word' id='word_1_209' title='bbox 819 2084 860 2118; x_wconf 84' lang='lat' dir='ltr'>ab</span> <span class='ocrx_word' id='word_1_210' title='bbox 888 2084 961 2119; x_wconf 87' lang='lat' dir='ltr'>init.</span> <span class='ocrx_word' id='word_1_211' title='bbox 1001 2082 1055 2117; x_wconf 89' lang='lat' dir='ltr'>Cf.</span> <span class='ocrx_word' id='word_1_212' title='bbox 1083 2094 1197 2129; x_wconf 86' lang='lat' dir='ltr'>super.</span> <span class='ocrx_word' id='word_1_213' title='bbox 1236 2081 1306 2116; x_wconf 75' lang='lat' dir='ltr'>vol.</span> <span class='ocrx_word' id='word_1_214' title='bbox 1340 2082 1383 2116; x_wconf 92' lang='lat' dir='ltr'>II.</span> <span class='ocrx_word' id='word_1_215' title='bbox 1415 2082 1506 2117; x_wconf 85' lang='lat' dir='ltr'>thes.</span> <span class='ocrx_word' id='word_1_216' title='bbox 1524 2082 1584 2116; x_wconf 92' lang='lat' dir='ltr'><strong>III.</strong></span> 
     </span>
     <span class='ocr_line' id='line_1_29' title="bbox 167 2142 1586 2189; baseline 0 -13"><span class='ocrx_word' id='word_1_217' title='bbox 167 2142 290 2177; x_wconf 69' lang='lat' dir='ltr'>schol:</span> <span class='ocrx_word' id='word_1_218' title='bbox 317 2155 356 2178; x_wconf 84' lang='lat' dir='ltr'>ac</span> <span class='ocrx_word' id='word_1_219' title='bbox 384 2145 594 2189; x_wconf 82' lang='lat' dir='ltr'>praesertim</span> <span class='ocrx_word' id='word_1_220' title='bbox 622 2156 705 2189; x_wconf 84' lang='lat' dir='ltr'>pag.</span> <span class='ocrx_word' id='word_1_221' title='bbox 733 2155 791 2188; x_wconf 75' lang='lat'>51.</span> <span class='ocrx_word' id='word_1_222' title='bbox 821 2143 941 2178; x_wconf 80' lang='lat' dir='ltr'>adnot.</span> <span class='ocrx_word' id='word_1_223' title='bbox 973 2154 1000 2188; x_wconf 82' lang='lat'>3.</span> <span class='ocrx_word' id='word_1_224' title='bbox 1033 2171 1041 2186; x_wconf 82' lang='lat'><em>‚</em></span> <span class='ocrx_word' id='word_1_225' title='bbox 1070 2143 1127 2176; x_wconf 85' lang='lat' dir='ltr'>ubi</span> <span class='ocrx_word' id='word_1_226' title='bbox 1172 2143 1215 2176; x_wconf 87' lang='lat' dir='ltr'>de</span> <span class='ocrx_word' id='word_1_227' title='bbox 1256 2142 1459 2176; x_wconf 86' lang='lat' dir='ltr'>discrimine</span> <span class='ocrx_word' id='word_1_228' title='bbox 1493 2143 1586 2176; x_wconf 85' lang='lat' dir='ltr'>inter</span> 
     </span>
     <span class='ocr_line' id='line_1_30' title="bbox 165 2203 1298 2238; baseline 0 -1"><span class='ocrx_word' id='word_1_229' title='bbox 165 2204 374 2238; x_wconf 72' lang='lat' dir='ltr'>servitutem</span> <span class='ocrx_word' id='word_1_230' title='bbox 401 2204 586 2238; x_wconf 83' lang='lat' dir='ltr'>brutorum</span> <span class='ocrx_word' id='word_1_231' title='bbox 614 2213 648 2238; x_wconf 87' lang='lat' dir='ltr'>et</span> <span class='ocrx_word' id='word_1_232' title='bbox 675 2204 886 2238; x_wconf 69' lang='lat' dir='ltr'>servitutem</span> <span class='ocrx_word' id='word_1_233' title='bbox 911 2203 1103 2237; x_wconf 89' lang='lat' dir='ltr'>hominum</span> <span class='ocrx_word' id='word_1_234' title='bbox 1135 2203 1298 2237; x_wconf 82' lang='lat' dir='ltr'>diximus.</span> 
     </span>
    </p>

    <p class='ocr_par' dir='ltr' id='par_1_7' title="bbox 169 2263 1585 2370">
     <span class='ocr_line' id='line_1_31' title="bbox 236 2263 1585 2310; baseline 0 -13"><span class='ocrx_word' id='word_1_235' title='bbox 236 2264 291 2307; x_wconf 80' lang='lat'>(2)</span> <span class='ocrx_word' id='word_1_236' title='bbox 318 2263 420 2306; x_wconf 73' lang='lat' dir='ltr'>Vide,</span> <span class='ocrx_word' id='word_1_237' title='bbox 450 2275 540 2309; x_wconf 84' lang='lat' dir='ltr'>quae</span> <span class='ocrx_word' id='word_1_238' title='bbox 568 2264 674 2309; x_wconf 77' lang='lat' dir='ltr'>paulo</span> <span class='ocrx_word' id='word_1_239' title='bbox 703 2273 784 2299; x_wconf 85' lang='lat' dir='ltr'>ante</span> <span class='ocrx_word' id='word_1_240' title='bbox 804 2276 883 2310; x_wconf 87' lang='lat' dir='ltr'>pag.</span> <span class='ocrx_word' id='word_1_241' title='bbox 908 2274 984 2309; x_wconf 70' lang='lat'>134.</span> <span class='ocrx_word' id='word_1_242' title='bbox 1004 2263 1155 2297; x_wconf 81' lang='lat' dir='ltr'>diximus</span> <span class='ocrx_word' id='word_1_243' title='bbox 1177 2272 1301 2297; x_wconf 78' lang='lat' dir='ltr'>contra</span> <span class='ocrx_word' id='word_1_244' title='bbox 1321 2263 1521 2306; x_wconf 75' lang='lat' dir='ltr'>Rousseau,</span> <span class='ocrx_word' id='word_1_245' title='bbox 1541 2263 1585 2297; x_wconf 81' lang='lat' dir='ltr'>ad</span> 
     </span>
     <span class='ocr_line' id='line_1_32' title="bbox 169 2322 1370 2370; baseline 0 -13"><span class='ocrx_word' id='word_1_246' title='bbox 169 2323 417 2369; x_wconf 76' lang='lat' dir='ltr'>explicandum</span> <span class='ocrx_word' id='word_1_247' title='bbox 444 2335 514 2369; x_wconf 88' lang='lat' dir='ltr'>quo</span> <span class='ocrx_word' id='word_1_248' title='bbox 543 2335 649 2358; x_wconf 89' lang='lat' dir='ltr'>sensu</span> <span class='ocrx_word' id='word_1_249' title='bbox 676 2323 788 2358; x_wconf 88' lang='lat' dir='ltr'>homo</span> <span class='ocrx_word' id='word_1_250' title='bbox 816 2324 860 2359; x_wconf 88' lang='lat' dir='ltr'>sit</span> <span class='ocrx_word' id='word_1_251' title='bbox 887 2323 1110 2358; x_wconf 67' lang='lat' dir='ltr'>essentialiter</span> <span class='ocrx_word' id='word_1_252' title='bbox 1138 2322 1370 2370; x_wconf 77' lang='lat' dir='ltr'>independens.</span> 
     </span>
    </p>

    <p class='ocr_par' dir='ltr' id='par_1_8' title="bbox 167 2382 1583 2488">
     <span class='ocr_line' id='line_1_33' title="bbox 237 2382 1583 2430; baseline 0.002 -13"><span class='ocrx_word' id='word_1_253' title='bbox 237 2382 293 2427; x_wconf 84' lang='lat'>(3)</span> <span class='ocrx_word' id='word_1_254' title='bbox 321 2383 392 2418; x_wconf 78' lang='lat' dir='ltr'>Sat.</span> <span class='ocrx_word' id='word_1_255' title='bbox 423 2383 483 2417; x_wconf 84' lang='lat' dir='ltr'>VI.</span> <span class='ocrx_word' id='word_1_256' title='bbox 512 2395 545 2418; x_wconf 76' lang='lat' dir='ltr'>v.</span> <span class='ocrx_word' id='word_1_257' title='bbox 574 2393 651 2428; x_wconf 78' lang='lat'>223.</span> <span class='ocrx_word' id='word_1_258' title='bbox 680 2396 838 2430; x_wconf 84' lang='lat' dir='ltr'>seqq.—</span> <span class='ocrx_word' id='word_1_259' title='bbox 856 2384 929 2420; x_wconf 82' lang='lat' dir='ltr'>Csr.</span> <span class='ocrx_word' id='word_1_260' title='bbox 957 2384 1118 2427; x_wconf 76' lang='lat' dir='ltr'>Audisio,</span> <span class='ocrx_word' id='word_1_261' title='bbox 1147 2385 1213 2418; x_wconf 92' lang='lat' dir='ltr'>Iur.</span> <span class='ocrx_word' id='word_1_262' title='bbox 1243 2394 1315 2420; x_wconf 79' lang='lat' dir='ltr'>nat.</span> <span class='ocrx_word' id='word_1_263' title='bbox 1333 2385 1420 2430; x_wconf 77' lang='lat' dir='ltr'>priv.</span> <span class='ocrx_word' id='word_1_264' title='bbox 1441 2393 1474 2419; x_wconf 85' lang='lat' dir='ltr'>et</span> <span class='ocrx_word' id='word_1_265' title='bbox 1489 2385 1583 2429; x_wconf 79' lang='lat' dir='ltr'>publ.</span> 
     </span>
     <span class='ocr_line' id='line_1_34' title="bbox 167 2440 860 2488; baseline 0.004 -14"><span class='ocrx_word' id='word_1_266' title='bbox 167 2440 409 2483; x_wconf 80' lang='lat' dir='ltr'>fundamenta,</span> <span class='ocrx_word' id='word_1_267' title='bbox 437 2440 458 2476; x_wconf 81' lang='lat' dir='ltr'>l.</span> <span class='ocrx_word' id='word_1_268' title='bbox 488 2441 531 2475; x_wconf 89' lang='grc' dir='ltr'>ΙΙ.</span> <span class='ocrx_word' id='word_1_269' title='bbox 559 2442 611 2476; x_wconf 89' lang='lat' dir='ltr'>tit.</span> <span class='ocrx_word' id='word_1_270' title='bbox 639 2442 733 2476; x_wconf 66' lang='lat' dir='ltr'>XIV„</span> <span class='ocrx_word' id='word_1_271' title='bbox 762 2454 860 2488; x_wconf 85' lang='lat' dir='ltr'>seqq.</span> 
     </span>
    </p>
   </div>
  </div>
 </body>
</html>
