1705 2787
747 75 799 79 -.
836 50 921 104 306
955 73 1006 80 -.-

171 159 203 199 si
241 157 375 199 homo
400 168 618 213 quantum
646 154 749 197 boni
776 153 1023 197 inordinate
1058 155 1253 211 appetiit,
1277 167 1453 198 tantum
1478 156 1581 199 mali

169 244 244 271 seu
281 227 496 284 passionis
532 226 771 282 persentiat
805 224 891 283 (1).
926 225 995 268 Sic
1029 224 1140 268 ordo
1188 224 1602 284 redintegrabitur,-

170 299 301 340 etiam
351 313 401 339 ex
436 309 555 353 parte
602 293 910 351 malefactoris,
945 296 980 337 si
1028 295 1098 338 hic
1146 310 1337 352 poenam
1384 309 1579 354 acceptet

168 382 298 426 atque
333 367 384 410 de
418 378 669 424 perpetrato
704 367 888 408 crimine
922 367 1091 409 sincere
1139 365 1297 423 doleat,
1331 367 1488 412 saltem
1523 383 1576 412 ex

167 452 288 497 parte
322 439 559 493 societatis,
593 439 628 480 si
662 437 916 480 malefactor
951 438 1062 480 nolit
1096 438 1236 480 scelus
1271 437 1489 482 detestari.
1510 439 1579 482 Sic

168 508 400 552 habebitur
421 509 597 566 expiatio
616 524 691 550 seu
713 508 918 565 purgatio
936 507 1023 566 (2),
1043 523 1215 565 semper
1235 523 1286 550 ex
1309 521 1429 565 parte
1447 510 1581 552 socie·

167 581 282 635 tatis,
303 581 346 622 in
367 595 452 637 qua
476 580 643 621 crimen
668 590 971 636 perpetratum
990 590 1069 634 est,
1089 591 1129 620 et
1150 593 1237 621 non
1261 593 1359 621 raro
1378 580 1510 622 etiam
1528 594 1581 622 ex

166 663 286 707 parte
320 651 460 707 ipsius
495 648 803 704 malefactoris,
838 650 913 707 qui
947 649 1087 692 scelus
1122 648 1313 692 admisit.
1350 676 1401 680 ——
1446 650 1491 709 δ)
1526 655 1581 696 Ut

165 721 282 764 idem
319 737 351 763 s,
388 721 591 764 Thomas
626 721 698 779 (3)
732 721 806 776 ait,
833 739 852 761 «
880 736 1083 778 persona,
1117 721 1188 763 cui
1222 732 1287 762 est
1320 720 1437 764 illata
1461 722 1578 765 iniu-

166 795 243 849 ria,
279 794 743 850 recompensationem
792 793 948 849 accipit
998 807 1073 848 per
1118 791 1357 848 quamdam
1401 793 1578 836 restitu-

165 864 335 906 tionem
371 862 555 905 honoris
590 864 634 905 in
670 877 811 919 poena
845 862 1113 905 iniuriantiS.
1150 878 1170 900 >›
1209 880 1262 898 z
1297 860 1409 904 Illud
1448 876 1582 918 porro

164 946 295 991 patet,
315 933 426 975 hanc
446 934 644 976 criminis
669 933 965 990 expiationem
991 944 1032 974 et
1056 930 1223 974 ordinis
1245 930 1580 988 redintegratio·

163 1019 265 1047 nem
299 1019 390 1047 non
424 1003 589 1060 haberi,
623 1005 707 1046 nisi
741 1019 882 1061 poena
915 1004 971 1046 sit
1004 1005 1117 1046 iusta
1152 1003 1177 1045 i.
1204 1018 1238 1045 e.
1264 1001 1457 1046 debitam
1490 1018 1579 1047 ser·

163 1091 268 1118 vans
305 1090 408 1118 cum
442 1074 602 1118 delicto
636 1076 977 1132 proportionem
1000 1074 1086 1133 (4).

254 1146 333 1205 59)
368 1147 443 1202 Ea,
477 1161 588 1204 quae
622 1145 829 1201 diximus,
863 1145 1022 1188 clarius
1066 1145 1209 1188 adhuc
1252 1145 1575 1202 intelligentur,

162 1220 199 1262 si
232 1219 346 1261 inter
380 1233 424 1259 se
460 1231 770 1273 comparemus
804 1216 910 1259 haec
944 1217 1048 1259 tria:
1099 1216 1373 1274 defensionem
1421 1228 1573 1259 contra

161 1291 380 1333 iniustum
414 1302 735 1346 aggressorem,
770 1290 1065 1346 reparationem
1100 1287 1251 1331 damni
1269 1303 1344 1344 per
1368 1288 1577 1330 iniuriam

230 1485 281 1529 (1)
311 1484 364 1518 Cs.
394 1497 445 1527 ea,
474 1496 564 1530 quae
592 1497 619 1519 s.
647 1484 810 1518 Thomas
836 1483 955 1526 habet,
986 1495 1014 1518 1.
1042 1495 1071 1518 2.
1100 1496 1132 1529 q.
1160 1495 1216 1530 93.
1236 1496 1254 1518 a
1272 1482 1334 1518 6.:
1365 1484 1438 1518 «In
1465 1483 1567 1518 malis

166 1554 337 1589 quantum
367 1544 487 1579 deficit
514 1556 555 1578 ex
582 1553 679 1590 parte
708 1544 857 1579 actionis
885 1544 1068 1590 suppletur
1084 1554 1238 1590 exparte
1266 1545 1453 1590 passionis,
1471 1553 1578 1590 prout

157 1603 293 1637 scilicet
320 1604 497 1638 intantum
525 1605 715 1649 patiuntur,
744 1604 840 1649 quod
867 1603 922 1636 lex
949 1612 1094 1637 aeterna
1121 1603 1229 1638 dictat
1257 1603 1299 1637 de
1334 1603 1395 1645 eis,
1422 1603 1575 1649 inquan-

159 1672 235 1696 tum
262 1662 432 1697 deficiunt
460 1662 577 1697 facere
605 1664 699 1708 quod
728 1663 797 1708 legi
826 1672 993 1697 aeternae
1021 1664 1190 1697 convenit
1218 1673 1283 1698 etc.
1310 1678 1325 1695 »

229 1721 281 1765 (2)
310 1723 460 1767 Expiare
487 1731 540 1756 est
566 1723 662 1756 idem
682 1733 720 1756 ac
738 1733 900 1767 purgare,
921 1722 1088 1757 videlicet
1110 1722 1250 1757 efficere
1269 1735 1396 1768 purum
1412 1735 1450 1757 ac
1470 1735 1575 1757 mun-

159 1782 255 1824 dum,
284 1793 302 1815 a
328 1782 418 1826 pius.

230 1843 275 1884 (ς)
303 1840 343 1873 In
370 1850 399 1874 2.
428 1851 458 1874 2.
487 1852 518 1885 q.
538 1839 593 1885 67.
622 1854 650 1875 a.
677 1852 708 1883 4.
739 1842 780 1876 ad
803 1845 859 1885 3.¹¹¹

228 1899 284 1943 (⁴1)
311 1900 450 1933 Recens
479 1910 612 1943 auctor,
641 1913 747 1946 quem
784 1902 890 1947 paulo
920 1911 1001 1936 ante
1042 1901 1240 1943 citavimus,
1280 1901 1342 1935 ait:
1373 1900 1456 1934 «La
1481 1911 1573 1945 pena

159 1959 247 1993 mira
276 1971 294 1992 a
322 1959 508 1993 ristabilire
537 1960 557 1993 l'
574 1961 711 2003 ordine,
751 1974 768 1995 a
797 1961 847 1996 sar
885 1962 1076 2004 rinascere,
1105 1962 1194 2003 cioe‚
1236 1960 1442 1995 nell'animo
1479 1961 1572 2007 degli

161 2018 277 2052 onesti
309 2017 339 2052 la
367 2018 496 2053 fiducia
523 2019 615 2055 della
642 2020 751 2055 tutela
779 2021 835 2055 dei
862 2021 939 2055 loro
961 2021 1079 2055 diritti.
1099 2035 1114 2053 υ
1137 2021 1248 2055 Recte
1269 2020 1475 2063 affirmatur,
1493 2032 1576 2066 poe-

162 2088 245 2110 nam
273 2076 419 2111 tendere
449 2078 490 2111 ad
517 2079 782 2113 restitutionem
810 2080 956 2114 ordinis.
983 2080 1052 2114 Sed
1079 2091 1152 2113 non
1178 2079 1268 2113 bene
1308 2078 1510 2124 explicatur,
1537 2079 1573 2113 in

159 2147 229 2180 quo
258 2136 392 2169 ordinis
420 2138 598 2172 restitutio
626 2139 813 2173 consistat.
833 2140 883 2173 Ea
904 2140 1010 2181 enim,
1030 2150 1120 2184 quae
1140 2138 1326 2180 adduntur,
1341 2137 1447 2171 verba
1466 2137 1574 2183 signi-

159 2195 268 2229 ficant
297 2196 367 2229 duo
394 2196 502 2230 haec:
530 2197 564 2230 in
593 2198 740 2231 crimine
767 2197 901 2232 nullam
929 2198 1035 2232 aliam
1062 2208 1140 2231 esse
1175 2196 1486 2231 deordinationem
1512 2208 1572 2230 so-

162 2254 307 2300 cialem,
336 2256 402 2289 nisi
431 2257 610 2299 timorem,
648 2268 754 2302 quem
794 2258 929 2291 crimen
955 2258 991 2291 in
1028 2257 1221 2302 proborum
1261 2256 1387 2290 animis
1427 2256 1571 2291 excitat:

158 2325 303 2357 poenae
333 2326 462 2348 munus
490 2326 562 2348 non
593 2327 671 2349 esse
698 2317 765 2350 nisi
792 2317 872 2358 hoc,
912 2318 1043 2350 civium
1069 2316 1195 2350 animis
1234 2315 1362 2349 timore
1400 2313 1571 2359 perculsis

159 2370 455 2415 tranquillitatem
489 2373 649 2406 reddere.
676 2393 717 2398 —
746 2374 829 2407 Non
869 2375 902 2407 in
933 2386 976 2408 eo
1014 2383 1154 2408 tantum
1193 2375 1354 2409 consistit
1392 2375 1568 2409 restitutio

160 2430 303 2463 ordinis.
334 2431 394 2463 sed
424 2432 578 2465 maxime
606 2434 639 2466 in
667 2434 719 2475 iis,
747 2445 838 2477 quae
865 2435 899 2468 in
936 2443 1032 2469 testu
1061 2435 1330 2479 assignavimus.
