1705 2787
676 70 728 81 Aa.»
884 68 935 81 ..οὒ

765 55 842 106 233

99 152 257 198 habeat
290 153 556 212 provinciam,
590 155 746 198 saltem
779 154 964 212 aliquot,
998 167 1138 196 status
1163 153 1280 196 illius
1302 150 1521 196 retinendi

95 226 180 271 sub
215 242 294 270 sua
328 225 522 270 ditione:
557 227 618 269 sic
652 239 801 270 autem
825 227 871 269 in
905 241 975 268 eas
1004 227 1253 283 provincias
1278 225 1520 282 imperium

95 314 172 341 seu
208 297 494 342 dominatum
528 296 748 340 obtinebit
782 299 878 340 iure
914 297 1015 340 belli
1063 313 1139 340 seu
1185 298 1410 352 victoriae,
1455 297 1520 339 in-

97 368 397 428 dependenter
431 384 454 412 a
477 384 698 412 consensu
735 370 1088 413 communitatis,
1124 369 1237 411 Fieri
1281 367 1323 411 id
1357 380 1518 425 potest,

95 442 131 483 si
163 453 334 497 praeter
368 440 584 482 iustitiam
621 438 722 481 belli
755 439 963 482 accedant
1012 440 1121 482 aliae
1170 454 1339 494 causae,
1389 454 1425 481 e.
1476 454 1517 495 g.

95 513 206 555 ratio
240 526 408 570 poenae
442 523 518 554 aut
552 510 864 553 satisfactionis
900 527 979 568 pro
1014 512 1190 554 iniuriis
1226 511 1371 567 illatis,
1394 526 1517 553 secu-

95 584 200 626 ritas
236 598 312 626 seu
347 582 646 640 tranquillitas
671 583 872 631 ,victricis
908 583 1052 639 gentis
1087 595 1161 625 aut
1195 582 1383 624 aliarum
1427 580 1517 624 affi—

95 654 222 696 nium
256 653 493 695 nationum
528 664 608 694 etc.
645 678 696 682 —-
734 651 780 694 Id
829 653 1089 708 contingere
1138 667 1268 708 posse
1321 650 1517 694 admittit

94 723 257 766 Suarez
292 722 379 781 (Ι),
416 740 436 763 «
474 735 522 765 ut
555 722 721 764 scilicet
757 721 1002 778 respublica
1036 734 1161 764 antea
1199 737 1287 764 non
1321 720 1517 764 subiecta

94 794 186 850 regi
219 808 294 850 per
329 793 499 835 iustum
535 791 701 834 bellum
737 791 1010 834 subiiciatur.
1053 810 1068 830 ο
1108 792 1225 833 Haec
1261 805 1409 833 tamen
1431 791 1518 832 ani-

95 863 354 907 madvertit:
393 881 413 903 α
449 862 564 906 Illud
598 875 749 906 autem
785 878 957 920 semper
993 876 1057 904 est
1091 863 1515 920 quasiperuccidens

94 937 138 977 in
172 950 363 992 poenam
399 935 583 977 alicuius
620 934 782 990 delicti,
817 948 857 976 et
895 947 999 976 tunc
1035 935 1126 990 ipsa
1162 947 1338 976 tenetur
1363 949 1515 991 parere

94 1020 135 1050 et
168 1009 422 1050 consentire
466 1006 757 1050 subiectioni:
794 1020 926 1064 atque
976 1008 1033 1048 ita
1083 1008 1215 1049 etiam
1250 1007 1321 1049 ille
1358 1006 1517 1049 modus

93 1077 428 1136 quodammodo
462 1077 649 1121 includit
685 1093 956 1120 consensum
993 1077 1273 1135 reipublicae,
1308 1078 1376 1120 vel
1400 1078 1515 1121 exhi-

91 1150 214 1193 bitum
238 1151 305 1193 vel
325 1150 499 1194 debitum
518 1150 604 1209 (2).
627 1151 918 1208 Quamquam
940 1149 1007 1193 liic
1028 1151 1263 1208 praecipue
1284 1150 1513 1208 loquimur

96 1371 171 1407 fere
198 1373 309 1407 modo
336 1372 486 1407 clariora
513 1373 608 1407 orbis
637 1373 786 1418 imperia
815 1372 1030 1418 amplificata
1059 1371 1168 1414 fuere,
1198 1383 1232 1408 et
1260 1382 1343 1408 tunc
1373 1375 1518 1419 quidem

92 1432 127 1464 in
154 1431 327 1476 principio
355 1443 428 1465 non
456 1431 647 1477 acquiritur
673 1442 836 1477 regnum,
865 1443 946 1464 cum
974 1431 1095 1466 titulus
1124 1433 1277 1466 iustitiae
1305 1434 1406 1475 desit,
1435 1446 1516 1468 suc-

94 1503 197 1525 cessu
224 1502 311 1525 vero
339 1492 510 1536 temporis
538 1492 724 1536 contingit,
753 1501 791 1525 ut
829 1490 982 1536 populus
1010 1491 1116 1524 libere
1157 1493 1369 1532 consentiat,
1400 1494 1457 1527 vel
1484 1504 1519 1528 ut

97 1562 115 1584 a
142 1550 409 1584 successoribus
445 1562 597 1595 regnum
636 1550 728 1584 bona
757 1550 826 1583 fide
867 1550 1139 1594 praescribatur,
1182 1560 1215 1585 et
1255 1561 1337 1585 tunc
1366 1554 1518 1588 cessabit

92 1610 264 1656 tyrannis,
293 1619 326 1644 et
354 1610 499 1655 incipiet
525 1621 651 1643 verum
678 1610 877 1643 dominium
907 1619 938 1643 et
961 1611 1057 1655 regia
1078 1620 1247 1655 potestas.
1264 1628 1278 1643 υ
1314 1613 1355 1645 Et
1385 1613 1519 1648 Bellat-

93 1671 221 1712 minus,
249 1670 292 1704 de
319 1670 412 1705 Laic.
440 1670 459 1704 l.
490 1671 548 1704 ΙΙΙ.
577 1682 607 1704 c.
634 1669 666 1705 6.
694 1671 727 1703 in
757 1670 843 1704 line:
876 1683 890 1699 a
919 1671 1065 1704 Etiamsi
1095 1671 1196 1704 initio
1225 1672 1281 1716 qui
1306 1683 1413 1716 regna
1435 1685 1519 1707 con-

93 1731 292 1773 stituerunt,
319 1729 463 1764 fuerunt
489 1731 687 1771 invasores,
716 1740 752 1764 ut
779 1730 987 1775 pluri1num;
1017 1741 1138 1765 tamen
1157 1743 1326 1766 successu
1345 1735 1519 1779 temporis

92 1789 180 1823 fiunt
207 1788 265 1823 vel
291 1790 356 1834 ipsi
384 1788 441 1823 vel
468 1800 697 1823 successores
727 1801 852 1823 eorum
880 1789 1029 1832 legitimi
1058 1791 1251 1835 PrincipeS,
1281 1793 1361 1836 quia
1399 1793 1518 1838 populi

92 1847 263 1893 paulatim
290 1848 533 1882 consentiunt.
562 1848 640 1881 Hoc
667 1849 778 1882 modo
806 1860 956 1893 regnum
986 1849 1205 1882 Francorum
1233 1861 1326 1884 nunc
1354 1852 1517 1886 omnium

91 1918 271 1942 consensu
298 1907 501 1951 legitimum
529 1917 592 1950 est,
622 1908 702 1942 licet
729 1909 830 1942 initio
859 1909 981 1942 Franci
1011 1909 1141 1943 iniuste
1170 1909 1304 1943 Gallias
1321 1922 1519 1956 occupave-

91 1967 171 2001 rint.
199 1968 318 2013 Atque
346 1968 441 2001 idem
470 1968 536 2001 dici
565 1977 685 2013 potest
713 1969 755 2001 de
783 1979 895 2012 regno
924 1968 1129 2013 Hispanico,
1158 1970 1253 2013 quod
1269 1970 1311 2003 ab
1331 1971 1517 2005 invasione

91 2027 297 2062 Gothorum
325 2029 462 2073 coepit:
491 2037 525 2062 et
553 2029 596 2062 de
625 2040 737 2073 regno
780 2028 992 2072 Anglorum,
1034 2029 1129 2074 quod
1170 2031 1287 2075 coepit
1317 2031 1358 2064 ab
1386 2032 1514 2067 iniusta

91 2088 327 2133 occupatione
347 2088 667 2133 Anglosaxonum:
691 2098 723 2123 et
744 2089 787 2123 de
807 2090 884 2134 ipso
907 2090 1059 2134 Imperio
1080 2090 1257 2132 Romanu,
1279 2092 1373 2136 quod
1393 2105 1411 2126 a
1428 2093 1516 2128 Iulio

93 2147 250 2182 Caesare
267 2148 403 2192 patriae
422 2159 636 2193 oppressore
658 2150 891 2184 constitutum
915 2158 985 2190 est3
1007 2150 1102 2193 quod
1122 2159 1243 2183 tamen
1271 2161 1397 2195 postea
1426 2153 1517 2188 adeo

91 2205 292 2252 legitimum
320 2218 398 2241 esse
418 2208 547 2253 coepit,
568 2218 605 2242 ut
623 2209 802 2243 Dominus
822 2209 960 2249 dixerit,
980 2208 1106 2243 Manli.
1128 2209 1251 2251 XXII„
1273 2210 1410 2245 Reddita
1431 2223 1517 2258 quate

91 2270 168 2300 sunt
199 2265 357 2300 Caesaris
388 2266 541 2310 Caesari,
571 2277 637 2302 etc.

160 2325 218 2371 (1)
244 2326 299 2361 De
326 2326 394 2373 leg.
423 2327 444 2362 l.
472 2340 501 2363 c.

161 2389 218 2434 (2)
246 2390 477 2425 eonsensum
505 2403 583 2426 esse
605 2392 764 2431 debitum,
786 2391 963 2437 significat
984 2392 1240 2437 rempublicam
1260 2393 1330 2426 sir-e
1348 2393 1431 2426 vali!
1448 2392 1517 2427 sive

91 2449 179 2486 nolit
206 2452 352 2485 subesse
380 2451 438 2486 tali
470 2453 580 2486 inodo
610 2463 642 2486 et
670 2465 742 2486 non
772 2452 851 2487 alio,
880 2463 941 2485 seu
970 2453 1158 2497 gubernari
1200 2464 1243 2486 eo
1277 2453 1516 2487 determinato
