1705 2787
786 78 1046 120 ,194-

223 172 404 225 firmari,
440 172 559 230 quod
593 173 831 215 auctoritas
866 173 1003 230 ipsius
1037 173 1212 229 propria
1245 184 1310 216 est
1333 171 1628 217 immediatea

215 247 325 290 Deo:
363 246 552 287 nimium
589 242 787 300 profecto
837 256 915 299 est,
959 242 1001 286 id
1044 258 1250 287 asserere.
1285 270 1338 275 —
1374 244 1624 301 Responsio

219 328 350 372 patet.
385 316 732 370 Argumentum,
766 311 884 370 quod
918 312 1165 369 attulimus,
1199 312 1362 370 duplici
1404 314 1624 371 principio

219 387 437 429 innititur:
475 385 653 440 scilicet,
699 400 789 427 non
825 386 867 427 in
904 400 955 427 eo
990 396 1180 440 tantum,
1214 384 1332 442 quod
1367 384 1418 428 de
1452 387 1623 429 ratione

211 457 349 500 civilis
384 457 605 498 societatis
642 468 706 498 est
731 456 984 511 auctoritas,
1009 454 1083 498 sed
1103 456 1250 512 etiam,
1274 456 1415 498 immo
1434 457 1626 499 maxime

210 529 253 570 in
289 542 355 582 eo,
390 526 508 583 quod
543 527 693 569 civitas
727 538 791 568 est
825 526 1010 568 societas
1046 525 1270 568 naturalis.
1306 526 1457 579 Quare
1505 525 1623 569 idem

210 609 525 654 argumentum
561 597 715 654 nequit
749 595 905 639 eodem
926 595 1061 639 modo
1085 597 1222 653 aptari
1245 597 1296 639 iis
1321 596 1623 654 societatibus,

210 685 319 727 quae
354 681 457 710 sunt
491 668 638 711 liberae
673 684 748 710 seu
777 669 979 725 pczclilicw,
1014 669 1215 725 quamvis
1249 684 1322 710 eae
1347 684 1526 727 quoque
1550 684 1624 712 ne-

209 753 370 798 queant
404 741 497 782 sine
533 741 709 797 propria
744 742 1004 783 auctoritate
1039 742 1295 784 consistere.
1331 742 1396 785 De
1431 743 1623 786 auctori-

209 825 295 855 tate
331 812 487 854 harum
523 811 819 854 artificialium
854 813 1118 854 societatum
1152 813 1329 869 propria
1354 811 1438 855 dici
1461 825 1623 870 potest,

209 882 327 941 quod
363 899 410 925 ea
444 884 498 925 sit
532 899 554 925 a
588 885 684 926 Deo
719 896 945 941 tamquam
981 899 1002 925 a
1036 884 1178 940 prima
1212 899 1339 926 causa
1373 896 1415 926 et
1449 885 1624 927 univer-

209 954 286 995 sali
321 953 555 996 cuiuslibet
590 955 834 1010 potestatis.
856 955 1007 996 Potest
1031 954 1187 1010 utique
1212 952 1319 996 illud
1344 953 1462 996 idem
1495 969 1623 1011 argu-

209 1036 412 1067 mentum
448 1026 585 1082 repeti
619 1023 775 1067 eodem
810 1023 945 1067 modo
979 1023 1031 1067 de
1069 1023 1253 1082 familia,
1303 1025 1464 1083 quippe
1512 1040 1623 1083 quae

209 1109 272 1138 est
311 1108 352 1138 et
387 1097 479 1153 ipsa
513 1097 698 1139 societas
734 1096 959 1139 naturalis

295 1167 346 1208 II.
382 1167 730 1222 Argumentum,
764 1165 884 1223 quod
917 1165 1164 1221 attulimus,
1184 1177 1329 1223 potest
1348 1164 1488 1209 valida
1512 1181 1616 1209 con-

215 1237 468 1280 firmatione
504 1237 718 1280 roborari.
754 1238 870 1280 Haec
905 1238 1025 1279 enim
1060 1237 1210 1293 thesis,
1245 1237 1304 1279 ait
1337 1237 1499 1280 Suarez
1532 1237 1621 1296 (1),

210 1325 228 1346 «
267 1307 511 1350 declaratur
546 1308 737 1349 maxime
772 1324 822 1350 ex
856 1320 1088 1364 potestate,
1138 1322 1270 1364 quam
1305 1307 1508 1364 princeps
1542 1323 1620 1364 po-

209 1377 354 1421 liticus
390 1376 520 1420 habet
554 1376 605 1420 ad
640 1377 879 1420 vindictam
913 1377 965 1420 de
998 1377 1124 1420 malis
1173 1376 1453 1434 sumendam,
1501 1378 1620 1420 etiam

205 1599 301 1633 illam
329 1599 547 1641 immediate,
575 1599 708 1633 directe
736 1610 774 1632 ac
794 1610 856 1643 per
874 1610 911 1632 se
930 1598 1090 1633 contulit.
1110 1599 1216 1633 Ratio
1237 1607 1358 1633 autem
1385 1598 1621 1634 distinctionis

204 1671 276 1693 non
307 1668 360 1693 est
387 1658 454 1692 alia
480 1659 547 1692 nisi
575 1659 655 1703 quia
682 1667 879 1703 potestates
906 1659 1004 1703 ipsae
1031 1667 1181 1703 possunt
1208 1670 1287 1692 esse
1314 1658 1536 1692 diversarum
1561 1670 1619 1693 ra-

203 1720 353 1761 tionum,
380 1718 437 1752 vel
464 1718 639 1759 ordinum,
668 1726 703 1751 et
729 1718 826 1750 Deus
852 1725 980 1762 potens
1009 1726 1062 1751 est
1088 1716 1130 1750 ad
1158 1716 1379 1762 operandum
1395 1725 1430 1751 et
1444 1725 1621 1750 connatu-

204 1778 265 1813 rali
294 1788 327 1813 et
353 1787 493 1823 praeter
519 1777 577 1811 vel
609 1776 867 1822 supernaturali
906 1776 1028 1810 modo.
1056 1790 1071 1808 υ
1103 1775 1158 1811 Cf.
1198 1777 1305 1811 etiam
1344 1776 1387 1810 de
1414 1775 1482 1822 leg.
1510 1775 1531 1810 l.
1559 1776 1619 1810 ΙΙΙ.

204 1849 233 1871 c.
263 1848 291 1882 3.
318 1849 415 1870 num.
445 1847 486 1880 5.,
514 1836 571 1869 ubi
598 1835 688 1869 haec
716 1835 838 1869 habet:
869 1847 884 1864 τ(
910 1835 1007 1868 Haec
1035 1833 1179 1879 politica
1205 1842 1364 1879 potestas
1383 1833 1485 1868 datur
1504 1834 1620 1868 aDeo

203 1896 437 1941 per’modum
467 1895 693 1940 proprietatis
722 1894 974 1940 consequentis
1001 1903 1176 1936 naturam,
1204 1905 1247 1927 eo
1273 1893 1384 1927 modo
1411 1905 1482 1939 quo
1501 1892 1620 1928 dando

204 1955 356 1989 sormam
384 1955 444 1989 dat
471 1955 729 2000 consequentia
757 1954 799 1988 ad
827 1953 991 1987 formam.
1019 1954 1209 1988 Probatur:
1237 1953 1318 1999 quia
1343 1953 1442 1987 Deus
1468 1964 1542 1987 non
1562 1952 1621 1988 dat

203 2016 293 2049 lianc
320 2024 537 2060 potestatem
564 2026 626 2059 per
653 2013 846 2059 specialem
874 2014 1054 2048 actionem
1085 2013 1142 2047 vel
1162 2013 1437 2049 concessionem
1475 2025 1494 2047 a
1519 2024 1620 2047 crea-

203 2075 299 2108 tione
327 2075 547 2108 distinctam:
576 2074 661 2108 alias
689 2073 731 2107 de
759 2074 819 2108 tali
847 2074 1082 2108 concessione
1110 2073 1255 2108 deberet
1280 2084 1343 2118 per
1360 2072 1620 2107 revelationem

202 2142 376 2175 constare,
428 2134 523 2178 quod
551 2133 681 2167 falsum
708 2145 785 2167 esse
813 2142 972 2167 constat:
1000 2132 1159 2178 alioquin
1185 2144 1260 2167 non
1278 2141 1373 2167 esset
1387 2141 1547 2178 potestas
1562 2144 1622 2167 na-

202 2192 334 2226 turalis.
354 2193 449 2238 Ergo
471 2192 573 2226 datur
591 2201 629 2226 ut
647 2193 843 2238 proprietas
863 2203 1086 2237 consequens
1101 2200 1276 2233 naturam,
1303 2192 1483 2234 nimirum,
1498 2191 1620 2225 medio

201 2252 392 2286 dictamine
421 2253 567 2286 rationis
595 2251 763 2286 naturalis
792 2251 1015 2286 ostendentis
1040 2252 1159 2285 Deum
1177 2250 1394 2285 sufficienter
1419 2251 1619 2296 providisse

201 2310 359 2345 humano
387 2312 520 2357 generi,
548 2320 582 2345 et
600 2319 865 2356 consequenter
882 2310 931 2344 illi
951 2310 1091 2345 dedisse
1111 2319 1329 2356 potestatem
1348 2311 1391 2345 ad
1411 2322 1514 2345 suam
1533 2322 1622 2346 con-

203 2372 445 2406 servationem
472 2382 507 2407 et
533 2373 810 2406 convenientem
836 2371 1132 2417 gubernationem
1147 2371 1398 2406 necessariam.
1415 2385 1429 2403 »

274 2436 321 2475 (Ι)
350 2431 495 2467 Defens.
525 2432 580 2467 sid.
612 2432 632 2466 l.
668 2433 726 2467 III.
751 2444 779 2466 c.
811 2444 837 2467 1.
866 2444 898 2466 n.
928 2443 956 2477 7.
