1705 2787
627 126 890 168 -375—

49 220 131 262 etsi
164 219 367 276 legitimo
401 220 488 262 iam
512 220 627 263 facto
650 221 937 279 acquisitum,
960 219 1107 262 veniat
1132 219 1176 262 in
1200 218 1466 262 conflictum

49 307 151 334 curn
187 290 306 334 bono
340 293 587 347 communi,
622 305 768 349 potest
793 291 848 335 ob
882 293 1047 334 iustam
1083 290 1195 333 hanc
1218 289 1323 333 boni
1347 306 1467 333 com·
1523 322 1526 327 ,

49 364 198 405 munis
232 378 411 406 causam
446 362 518 422 (1)
552 364 629 419 illi,
655 377 702 407 ut
726 363 811 407 dici
835 363 962 418 solet,
987 361 1302 419 praeiudicare.
1352 363 1470 405 Hinc

47 447 250 477 auctores
284 434 570 491 distinguunt
603 435 765 493 duplex
799 433 1235 489 dominium,humih²
1260 447 1302 477 et
1325 433 1466 477 altum.

48 504 231 548 Humile
265 516 330 547 est
363 503 619 548 dominium
654 506 998 561 privatorumin
1023 520 1090 548 res
1116 505 1318 562 legitimo
1353 503 1473 547 facto

49 576 131 619 sibi
150 576 401 634 acquisitas.
426 577 581 618 Altum
607 589 672 619 est
697 576 915 635 ius,quod
940 576 1072 619 habet
1097 592 1304 634 suprema
1319 588 1471 619 aucto-

49 649 153 691 ritas
189 645 454 705 disponendi
473 646 712 705 aliquando
746 647 797 690 de
834 647 960 690 bonis
996 648 1275 704 privatorum
1310 646 1366 689 ob
1393 661 1468 689 ne-

49 719 301 761 cessitatem
337 717 442 761 boni
476 719 746 761 communis.
770 719 820 761 In
845 733 933 775 quo
953 719 1048 760 iure
1073 716 1320 760 exercendo
1341 715 1470 759 debet

49 791 253 848 princeps
288 789 393 832 haec
417 805 582 833 cavere:
609 789 760 832 adesse
785 805 936 846 reapse
953 788 1081 832 debet
1106 789 1344 831 necessitas
1365 787 1471 831 boni

49 863 318 905 communis:
355 862 577 905 rationem
612 862 885 904 necessitatis
933 876 1024 903 non
1080 859 1208 903 debet
1243 858 1465 902 excedere:

49 935 187 977 vitare
205 933 334 976 debet
349 933 653 990 acceptionem
674 947 984 989 personarum:
1007 932 1124 974 illata
1139 930 1313 985 damna,
1327 928 1473 988 quoad

49 1006 142 1048 eius
178 1004 272 1048 fieri
307 1017 468 1062 potest,
503 1019 807 1061 compensare.
829 1029 881 1035 —-
908 1003 1076 1045 Eodem
1102 1004 1313 1060 pertinet,
1337 1000 1474 1059 quod,

47 1076 222 1134 publica
256 1078 405 1134 quiete
440 1091 487 1118 ac
522 1077 759 1118 securitate
799 1074 842 1118 id
877 1076 1094 1131 exigente,
1129 1089 1223 1117 rem
1257 1073 1465 1128 alienam,

49 1150 321 1206 praescripto
356 1149 571 1205 temporis
607 1148 750 1205 spatio
787 1146 902 1189 bona
947 1146 1031 1189 fide
1076 1159 1344 1203 possessam,
1400 1142 1473 1186 de-

50 1233 199 1264 cernat
232 1220 328 1263 fieri
362 1220 481 1263 illius
531 1235 608 1262 seu
660 1218 882 1261 adiudicet
932 1220 985 1273 ei,
1043 1218 1118 1275 qui
1153 1232 1249 1259 eam
1285 1215 1473 1270 obtinet,

49 1293 258 1350 quumvis
294 1290 451 1334 deinde
486 1304 687 1348 tempore
735 1291 1075 1348 praescriptionis
1120 1300 1298 1346 peracto
1353 1287 1474 1328 inve-

49 1365 213 1419 niatur,
247 1363 431 1406 titulum
466 1363 674 1420 primitus
725 1378 801 1404 seu
851 1361 904 1404 ab
940 1362 1112 1418 origine
1148 1359 1282 1402 fuisse
1317 1356 1471 1399 invali—

48 1434 156 1478 dum
189 1434 276 1493 (2).
310 1434 358 1477 Id
392 1434 558 1477 scilicet
593 1433 765 1491 publica
816 1434 940 1490 quies
976 1448 1023 1474 ac
1058 1432 1270 1474 securitas
1317 1428 1467 1484 exigit,

122 1667 178 1712 (1)
203 1668 297 1702 Iusta
325 1667 404 1702 haec
430 1679 530 1702 causa
558 1668 638 1702 boni
665 1669 853 1702 communis
880 1667 1030 1701 omnino
1062 1666 1266 1711 requiritur,
1296 1673 1333 1699 ut
1362 1674 1473 1707 actus,

50 1737 120 1771 quo
147 1727 311 1772 princeps
337 1726 503 1772 politicus
531 1727 750 1772 praeiudicat
777 1726 903 1771 privati
933 1725 1079 1759 alicuius
1109 1724 1282 1764 dominio,
1312 1722 1358 1757 sit
1385 1723 1476 1757 vali-

51 1785 121 1820 dus.
149 1806 192 1811 —
219 1786 314 1820 Nam
340 1787 504 1832 princeps
533 1786 656 1829 civilis,
684 1787 742 1832 qui
770 1785 952 1820 vinculum
982 1786 1068 1818 iuris
1096 1783 1268 1817 naturalis
1297 1783 1476 1828 abrumpit

52 1855 110 1880 aut
137 1846 333 1889 modificat,
361 1858 399 1880 se
427 1846 535 1880 habet
563 1847 605 1880 ad
633 1846 783 1879 modum
818 1844 994 1879 inferioris
1023 1854 1067 1877 ex
1094 1852 1275 1888 potestate
1303 1842 1366 1876 sibi
1388 1854 1476 1876 con-

50 1916 150 1939 cessa
176 1905 416 1950 dispensantis
443 1906 478 1939 in
506 1905 586 1951 lege
614 1905 819 1950 superioris.
847 1904 956 1948 Atqui
984 1902 1063 1937 talis
1091 1901 1238 1936 inferior
1258 1901 1472 1946 dispensans

49 1964 120 1997 sine
148 1964 237 1997 iusta
266 1975 366 1998 causa
392 1963 428 1996 in
455 1962 536 2008 lege
564 1963 769 2007 superioris,
808 1961 896 1994 nihil
929 1960 1031 2006 fucit.
1060 1960 1202 1994 Etenim
1247 1957 1306 2000 1.⁰)
1335 1957 1390 1991 lex
1417 1957 1476 1993 illa

51 2024 212 2066 superior
238 2035 312 2058 non
339 2032 392 2057 est
420 2023 480 2057 lex
503 2035 584 2063 suin
614 2021 679 2066 2.⁰)
713 2030 873 2067 potestas
902 2021 932 2054 ei
962 2019 1127 2064 delegata
1165 2030 1237 2052 non
1266 2017 1476 2063 intelligitur

52 2095 224 2118 concessa
251 2084 294 2118 ad
322 2083 536 2129 patrandum
566 2083 706 2115 mulum.
737 2081 846 2115 Aliud
888 2090 940 2114 est
968 2081 1011 2114 de
1039 2081 1117 2125 ipso
1156 2078 1345 2113 conditore
1373 2077 1474 2123 legis,

52 2144 109 2190 qui
138 2144 278 2178 etiamsi
305 2144 382 2178 sine
404 2155 511 2177 causa
533 2143 727 2187 dispenset,
748 2153 829 2174 cum
849 2150 970 2175 tamen
990 2140 1024 2173 id
1045 2139 1150 2173 saciat
1168 2139 1203 2171 in
1223 2138 1302 2182 lege
1322 2149 1395 2179 sua,
1415 2149 1475 2171 va-

52 2203 121 2238 lide
148 2203 232 2238 facit
259 2203 422 2249 quamvis
451 2203 564 2248 possit
594 2211 627 2235 et
654 2202 729 2246 ipse
757 2212 863 2246 agere
890 2199 1024 2234 illicite.
1053 2218 1095 2224 —-
1124 2199 1220 2242 Ergo
1239 2198 1404 2243 princeps
1424 2197 1475 2230 ci-

51 2262 130 2297 vilis
157 2262 405 2308 praeiudicans
434 2261 595 2295 dominio
623 2260 749 2305 privati
771 2259 918 2293 alicuius
938 2259 1013 2292 sine
1033 2258 1125 2292 iusta
1144 2268 1251 2291 causa
1270 2256 1354 2290 boni
1373 2266 1475 2289 com-

53 2322 181 2364 munis,
209 2333 274 2356 nec
302 2320 395 2356 licite
424 2321 496 2366 agit
523 2331 588 2354 nec
615 2318 744 2353 valide.

125 2380 181 2425 (2)
210 2381 449 2415 Conditiones
478 2379 520 2413 ad
564 2378 880 2423 praescribendum
919 2377 1146 2411 necessariae
1186 2384 1267 2409 sunt
1302 2374 1475 2419 quinque:

53 2458 95 2464 —
129 2438 187 2480 x.⁰)
215 2448 252 2473 ut
279 2450 334 2472 res
360 2439 403 2472 sit
431 2435 718 2482 praescriptibilis
748 2455 788 2460 —
821 2436 880 2475 εἶ’)
909 2434 1092 2479 possessio
1120 2452 1162 2458 —
1195 2431 1253 2476 3.⁰)
1282 2430 1403 2466 titulus
1431 2450 1473 2455 —

55 2499 116 2540 4⁰)
144 2508 285 2542 tenipus
314 2498 521 2542 requisitum
551 2515 592 2519 —-
626 2496 688 2537 5.'')
716 2495 808 2527 bona
840 2495 939 2527 sides.
