1705 2787
691 78 950 122 ...351-

112 169 295 227 quidem
318 168 433 212 foret
456 171 591 228 impia
614 172 659 214 in
683 173 845 228 Deum,
869 187 917 214 ac
941 183 1165 229 praeterea
1188 172 1322 215 exitio
1346 171 1526 215 tandem

111 254 226 284 esset
248 242 332 298 ipsi
350 241 466 284 civili
485 243 685 286 societati
704 242 790 301 (Ι).
812 244 931 285 Haec
951 244 1086 299 enim,
1107 255 1156 286 ut
1175 244 1218 286 in
1239 243 1529 300 praecedente

112 314 228 356 thesi
246 314 334 356 iam
354 312 562 367 diximus,
597 315 752 371 nequit
770 315 884 357 salva
905 315 1163 370 consistere,
1197 315 1232 356 si
1251 315 1457 358 veritates
1477 314 1530 357 de

109 386 206 428 Deo
240 383 292 427 de
326 384 472 426 anima
506 383 559 426 de
591 385 679 426 vita
712 383 878 441 futura,
913 400 1021 442 quas
1055 385 1123 428 lex
1155 385 1369 428 naturalis
1394 384 1529 429 dictat

109 455 364 512 credendas,
398 454 588 499 firmiter
622 471 645 497 a
679 454 847 499 civibus
882 472 973 499 non
1008 468 1261 513 teneantur,
1301 469 1342 499 et
1385 456 1528 500 officia

107 529 312 586 practica,
336 541 449 585 quae
474 541 577 569 cum
599 527 651 569 iis
676 527 938 570 veritatibus
964 540 1310 584 connectuntur,
1335 527 1525 571 fideliter

106 599 158 642 ab
192 598 349 642 iisdem
402 613 494 641 non
543 599 828 656 impleantur.
876 599 927 641 In
977 599 1043 642 his
1088 611 1319 657 tamquam
1368 598 1525 642 funda-

104 672 267 714 mentis
302 669 554 714 aedificium
589 662 747 713 sociale
782 672 992 714 innititur
1026 670 1113 729 (2):
1139 672 1285 714 sinere
1320 684 1369 715 ut
1394 686 1442 713 ea
1466 671 1523 714 la-

107 742 381 786 befactentur
415 741 533 785 idem
567 754 647 797 est,
682 758 729 784 ac
753 743 995 799 perniciem
1030 744 1230 785 societati
1254 744 1337 800 ipsi
1356 744 1523 787 afferre.

105 840 158 846 -—
192 814 286 858 Nec
320 813 452 869 dicas,
486 813 604 856 malo
640 814 758 869 huic,
792 814 912 872 quod
948 830 1022 871 per
1069 815 1203 857 talem
1252 815 1523 858 illimitatam

104 886 443 929 concessionem
469 897 692 941 causatur,
727 886 976 929 remedium
1010 887 1055 928 in
1079 898 1291 944 promptu
1328 902 1422 929 esse
1447 902 1522 944 per

102 957 371 1014 facultatem,
406 973 542 1015 quam
576 957 647 999 alii
683 957 861 1013 habent,
896 959 1057 1015 scripta
1094 957 1206 1000 bona
1251 970 1327 1002 aut
1379 958 1521 1001 bonos

102 1029 237 1073 libros
272 1029 443 1073 edendi.
477 1047 496 1069 «
533 1029 769 1087 Numquid
819 1045 987 1072 venena
1036 1029 1171 1072 libere
1217 1046 1423 1088 spargere
1472 1046 1519 1074 ac

99 1101 273 1159 publice
296 1101 486 1145 vendere
509 1114 550 1144 et
569 1114 865 1158 comportare,
892 1102 983 1143 imo
1009 1114 1050 1144 et
1070 1100 1217 1144 bibere
1242 1101 1390 1145 licebit
1415 1104 1518 1160 quia

98 1170 283 1215 remedii
316 1171 546 1230 quidpiam
580 1170 783 1227 habetur,
808 1187 912 1229 quo,
947 1172 1023 1228 qui
1059 1183 1262 1227 utuntur,
1297 1172 1407 1228 eripi
1442 1186 1517 1214 eos

99 1258 151 1286 ex
182 1244 367 1285 interitu
401 1242 646 1286 identidem
681 1243 942 1299 contingat?
970 1259 990 1282 ³>
1026 1242 1089 1284 Ita
1124 1242 1369 1298 Gregorius
1394 1242 1517 1285 XVI.

98 1315 144 1357 in
168 1314 250 1358 litt.
276 1330 369 1357 enc.
394 1330 511 1357 anno
542 1315 650 1371 1832
671 1313 796 1357 datis.
822 1312 1125 1370 perpendatur
1150 1314 1329 1371 insuper
1354 1314 1517 1357 iniuria

98 1385 372 1442 gravissima,
407 1400 518 1442 quae
551 1386 662 1441 Deo,
697 1385 887 1441 principi
910 1399 1121 1441 supremo
1146 1385 1283 1426 totius
1308 1385 1513 1440 civitatis,

98 1455 163 1507 fit,
199 1455 374 1513 publice
409 1456 613 1513 negando
649 1457 742 1498 eius
787 1454 1000 1498 attributa
1050 1468 1125 1498 aut
1170 1454 1515 1498 contradicendo

97 1527 190 1569 eius
225 1527 309 1584 legi
342 1526 429 1585 (3).

169 1738 224 1783 (Ι)
251 1739 489 1774 Philostratus
516 1740 552 1774 in
595 1740 754 1785 Sophist.
795 1740 887 1781 dicit,
929 1738 1081 1772 Athenis
1125 1736 1263 1781 publice
1307 1736 1515 1770 combustos

96 1796 205 1832 fuisse
233 1798 410 1844 quosdam
437 1798 556 1842 libros,
585 1800 643 1845 qui
673 1800 890 1834 atlieisinuni
910 1797 1147 1832 insinuabant.
1169 1796 1271 1830 Titus
1291 1795 1410 1829 Livius
1430 1794 1451 1829 l.
1470 1796 1514 1829 X.

93 1868 224 1901 narrat,
250 1859 348 1893 idem
375 1860 515 1894 Romae
544 1859 677 1894 factum
707 1871 784 1894 esse
813 1860 855 1893 de
885 1859 978 1892 libris
1008 1868 1131 1891 contra
1158 1856 1383 1901 religionem.
1410 1848 1513 1890 Plato

95 1917 139 1951 de
170 1917 261 1962 Rep.
288 1916 307 1950 l.
336 1917 415 1951 VII.
443 1917 539 1951 idem
568 1919 689 1952 statuit
715 1918 938 1963 principium.
967 1916 1058 1949 Vide
1087 1916 1195 1950 etiam
1222 1914 1406 1949 Valerium
1442 1915 1516 1949 Ma-

96 1976 237 2010 ximum
265 1976 309 2010 de
336 1977 474 2022 scriptis
502 1976 695 2011 Archiloci.

161 2035 219 2080 (2)
238 2048 253 2066 a
268 2036 415 2078 Poiche,
442 2037 556 2082 inquit
572 2036 762 2081 Taparelli‚
777 2038 896 2081 sizggio
913 2049 986 2070 ecc.
1006 2036 1145 2070 dissert.
1164 2036 1226 2070 IV.
1244 2048 1320 2081 cap.
1346 2045 1378 2078 4.
1403 2047 1489 2069 num
1504 2062 1512 2070 .

107 2096 198 2138 884„
225 2105 320 2130 certe
346 2097 459 2130 verita
486 2097 654 2141 religiose
682 2109 772 2131 sono
799 2096 1060 2131 naturalniente
1088 2097 1289 2130 necessarie
1329 2095 1514 2130 all'ordine

96 2154 139 2188 ed
170 2155 340 2197 evidenti,
367 2155 399 2189 la
426 2156 561 2190 societii
587 2156 748 2190 naturale
775 2156 946 2200 potrebbe
974 2167 992 2189 e
1032 2156 1211 2189 dovrebbe
1255 2157 1404 2201 esigere,
1447 2156 1513 2190 cho

94 2213 195 2249 nulla
222 2215 250 2249 si
279 2215 417 2248 dicesse
445 2224 572 2249 contro
600 2224 725 2260 queste
752 2216 874 2255 vei-itii,
903 2227 920 2249 e
948 2214 1203 2260 specialmente
1245 2225 1370 2250 contro
1397 2214 1513 2260 quelle

96 2285 201 2319 sopra
229 2275 283 2308 cui
310 2275 443 2319 poggia
470 2283 562 2309 tutto
590 2274 741 2308 l'ordine
768 2274 912 2316 sociale,
941 2286 1044 2308 come
1072 2274 1273 2309 l'esistenza
1289 2275 1393 2308 d'una
1409 2286 1513 2320 prov-

100 2333 251 2368 videnza
277 2334 557 2375 rimuneratrice,
585 2334 842 2368 l'immortalita
869 2334 1072 2369 dell'anima
1100 2346 1170 2369 ecc.
1197 2349 1212 2367 »

165 2397 214 2438 (3)
244 2406 259 2423 a
286 2394 337 2428 Ex
364 2405 447 2439 quo,
474 2394 654 2428 concludit
682 2394 898 2435 Liberatore‚
925 2396 978 2428 ius
1006 2407 1078 2429 soc.
1106 2408 1202 2430 nuni.
1241 2407 1326 2439 144„
1355 2398 1511 2432 auctori-

92 2452 155 2489 tati
183 2452 378 2488 innascitur
405 2451 553 2486 facultas
581 2464 747 2490 cunsurtw„
777 2453 894 2497 quoad
935 2454 1062 2498 scripta
1105 2454 1244 2500 publice
1284 2455 1432 2498 edenda,
1476 2465 1510 2490 et
