1705 2787
806 92 1065 131 --ῙοόωΔ

229 193 324 238 beat
360 186 604 237 naturalem
642 193 937 251 aptitudinem
971 193 1023 237 ad
1057 194 1201 252 aliqua
1234 184 1285 237 ad
1319 210 1430 252 quae
1478 186 1649 238 femina

227 279 292 308 est
326 267 488 322 inepta,
523 264 685 307 femina
719 280 740 306 e
775 279 991 307 converso
1026 265 1081 306 sit
1115 276 1213 321 apta
1231 263 1282 307 ad
1306 263 1520 322 quaedam
1546 281 1644 308 mu·

227 352 329 379 nera
354 336 404 379 ad
440 351 549 393 quae
584 348 648 377 est
682 337 857 391 ineptus
892 336 970 378 vir.
1008 336 1070 378 Ex
1105 351 1193 392 quo
1217 336 1433 392 sequitur,
1454 347 1501 378 ut
1526 347 1644 378 uter-

225 424 310 466 que
344 407 537 463 indigeat
572 421 704 462 opera
737 407 930 449 alterius.
966 406 1232 463 Explicatur.
1268 433 1320 438 —
1357 407 1436 449 Vir
1470 419 1535 449 est
1568 421 1644 450 na-

226 478 425 520 turaliter
460 476 632 531 sortior,
667 476 826 518 mulier
861 489 926 518 est
960 476 1218 518 naturaliter
1254 474 1475 519 infirmior
1500 488 1541 518 et
1560 477 1643 519 im-

227 549 436 591 becillior:
472 548 574 605 quia
607 548 671 590 vir
705 560 769 589 est
804 546 976 603 fortior,
1031 560 1096 589 est
1145 548 1387 604 pugnacior
1422 560 1463 590 et
1497 548 1641 605 aptior

223 617 274 660 ad
294 616 718 674 :thtiii‘eiidum73ed
742 617 876 659 simul
901 618 1190 674 minusaptus
1215 616 1266 660 ad
1285 617 1640 660 conservandum

222 689 309 731 iam
331 688 555 745 acquisita:
582 689 685 745 quia
709 689 868 730 mulier
893 701 957 731 est
982 688 1245 731 imbecillior
1271 701 1311 731 et
1336 688 1551 745 timidior,
1575 700 1640 732 est

222 761 364 817 aptior
399 758 451 802 ad
484 759 844 815 custodiendum,
868 759 941 802 sed
968 760 1103 802 simul
1127 761 1275 802 minus
1296 772 1394 817 apta
1417 759 1468 803 ad
1492 761 1638 818 acqui-

222 827 425 873 rendum.
449 829 655 887 Indigent
680 831 815 887 igitur
831 843 986 873 mutua
1010 832 1234 887 societate,
1260 844 1306 874 ut
1331 831 1491 875 mulier
1516 831 1640 874 domi

220 902 439 945 custodiat
474 937 483 958 ‚
518 918 629 959 quae
662 904 726 945 vir
780 901 886 945 foris
921 904 1215 960 acquisiverit.
1274 904 1442 947 Rursus
1477 904 1637 947 mulier

219 985 283 1015 est
317 972 490 1015 assidua
523 974 568 1015 in
604 971 814 1015 oneribus
869 972 1140 1030 domesticis,
1194 986 1235 1016 at
1279 973 1330 1016 ad
1384 973 1636 1031 vagandum

217 1043 324 1086 foris
344 1057 408 1086 est
427 1043 659 1086 imbecilla:
695 1044 759 1087 vir
794 1060 815 1085 e
850 1059 1066 1087 converso
1101 1044 1438 1088 estnaturaliter
1462 1046 1634 1102 inquie-

218 1127 305 1171 tus,
338 1117 398 1158 ita
434 1128 481 1158 ut
516 1131 606 1157 non
641 1116 781 1171 possit
815 1114 938 1157 domi
973 1117 1230 1172 consistere,
1265 1128 1306 1157 at
1330 1115 1541 1158 robustus
1567 1128 1632 1158 est

217 1187 269 1230 ad
304 1187 388 1230 huc
422 1187 615 1244 illucque
650 1187 865 1243 eundum,
914 1200 1047 1244 prout
1095 1203 1162 1230 res
1207 1188 1511 1244 postulaverit.
1546 1189 1632 1230 De·

216 1273 358 1313 mum,
392 1258 528 1315 prolis
562 1259 789 1315 generatio
824 1270 888 1300 est
923 1274 1034 1315 opus
1060 1274 1316 1315 commune,
1341 1257 1543 1301 educatio
1568 1271 1633 1301 est

214 1330 393 1385 propria
426 1327 631 1384 feminae,
655 1329 879 1370 institutio
899 1343 964 1370 est
987 1330 1164 1385 propria
1188 1329 1282 1371 viri.
1299 1355 1351 1359 ——
1374 1329 1491 1385 Ergo
1514 1340 1632 1386 patet

214 1411 419 1441 naturam
454 1401 696 1457 utrumque
730 1414 885 1441 sexum
918 1398 1186 1455 distinxisse,
1210 1412 1344 1456 prout
1368 1398 1624 1456 expediebat

213 1469 265 1513 ad
299 1483 503 1513 mutuam
528 1472 801 1513 societatem.

307 1554 400 1597 134.
435 1541 681 1584 ScHoLION.
717 1542 971 1598 Antequam
1005 1556 1027 1582 a
1061 1542 1320 1599 quaestione
1335 1540 1387 1584 de
1421 1542 1631 1583 societate

212 1613 435 1669 coniugali
468 1612 656 1670 gradum
689 1612 899 1655 faciamus
933 1612 986 1655 ad
1019 1614 1327 1670 quaestionem
1361 1612 1412 1656 de
1446 1613 1630 1655 societa-

211 1696 253 1726 te
286 1687 515 1742 parentali,
535 1686 695 1728 iuverit
731 1684 919 1728 breviter
954 1700 1081 1742 agere
1105 1684 1156 1728 de
1179 1684 1512 1743 impedimentis
1537 1699 1628 1727 ma-

210 1756 477 1798 trimonium
511 1755 841 1799 dirimentibus,

298 1827 328 1869 I.
364 1827 708 1870 Matrimonium
742 1839 821 1883 est,
856 1827 1032 1884 speciali
1051 1828 1253 1884 quamvis
1279 1826 1430 1882 modo,
1454 1838 1627 1869 contra-

209 1910 319 1941 ctus.
355 1898 438 1941 Sed
472 1900 517 1941 in
552 1900 710 1957 quovis
745 1912 993 1955 contractu,
1048 1911 1094 1941 ut
1144 1900 1199 1941 sit
1233 1898 1416 1954 validus,
1466 1897 1627 1941 debent

208 1984 421 2026 personae
442 1971 755 2013 contrahentes
778 1986 871 2012 esse
890 1985 1066 2027 capaces
1086 1969 1136 2012 ad
1162 1969 1517 2012 contrahendum
1538 1969 1625 2028 (Ι).

208 2040 326 2096 Ergo
360 2041 493 2082 etiam
542 2041 884 2083 matrimonium
919 2052 967 2082 ut
1001 2041 1057 2083 sit
1090 2039 1301 2096 validum,
1334 2040 1495 2083 debent
1530 2055 1625 2097 per-

206 2126 340 2153 sonae
365 2111 678 2155 contrahentes
713 2127 807 2154 esse
843 2110 1010 2154 habiles
1044 2110 1095 2154 ad
1119 2111 1227 2154 illud
1252 2111 1623 2155 contrahendum.

294 2184 346 2226 ΙΙ.
383 2183 684 2237 Quandonam
719 2200 933 2243 personae
968 2183 1281 2227 contrahentes
1331 2184 1420 2227 sint
1455 2183 1620 2228 habiles

204 2279 359 2320 necne,
393 2264 434 2308 id
455 2265 648 2321 generali
673 2264 818 2323 aliqua
837 2267 1008 2310 ratione
1031 2263 1194 2308 indicat
1219 2263 1286 2307 lex
1311 2262 1542 2306 naturalis.
1570 2282 1623 2291 —

249 2490 296 2530 (1)
327 2486 381 2522 Cf.
408 2497 523 2533 super.
552 2486 621 2522 volt
650 2487 691 2522 11.
720 2488 810 2523 thes.
838 2486 986 2523 XXVII.
1013 2498 1092 2534 pag.
1121 2496 1198 2534 307.
