1705 2787
757 75 1017 129 ...145-

188 182 248 226 illi
283 182 555 237 renunciare,
590 197 664 224 seu
701 194 941 225 contentus
976 196 1084 237 esse,
1120 180 1238 239 quod
1272 180 1379 225 alter
1414 196 1493 239 pro
1528 196 1598 225 me

185 256 338 312 seligat
382 270 427 297 ac
463 254 572 296 mihi
606 255 799 310 assignet
834 269 973 310 genus
1009 252 1185 309 laboriS,
1219 253 1405 296 modum
1444 265 1598 296 tenen-

185 327 290 370 dum
327 327 369 368 in
420 326 564 382 operis
615 326 912 376 exsecutione,
961 339 1147 381 scopum
1200 324 1511 368 immediatum
1555 325 1600 367 in

184 414 315 456 quem
352 413 461 454 opus
496 398 551 438 sit
571 395 868 452 dirigendum.
895 397 991 438 Hoc
1016 396 1191 439 vivendi
1216 395 1350 439 modo
1375 412 1468 438 esse
1493 411 1598 439 con-

185 483 359 513 tentum
394 482 435 511 et
469 468 562 510 aliis
598 467 879 510 liberioribus
914 469 1026 511 vitae
1061 466 1305 510 rationibus
1327 469 1598 524 renuntiare,

186 544 270 585 iam
291 554 354 583 est
374 542 633 583 exercitium
654 540 880 583 libertatis,
907 541 1120 597 Apposite
1146 540 1322 582 Lessius
1348 538 1433 598 (1):
1462 557 1482 580 «
1509 540 1597 582 Ho-

187 628 260 655 mo
296 611 402 654 liber
437 623 582 668 potest
607 612 801 668 seipsum
822 610 1024 667 vendere,
1048 611 1148 668 quia
1172 622 1235 652 est
1260 608 1471 652 dominus
1498 625 1601 652 suae

187 684 414 738 libertatiS,
448 683 560 725 sicut
594 682 733 725 famae
758 695 799 724 et
835 683 1060 739 pecuniae.
1096 683 1214 738 Ergo
1250 697 1344 723 eam
1381 693 1528 738 potest
1552 680 1600 724 li-

187 754 286 797 bere
321 753 533 796 abdicare.
570 752 705 808 Quod
741 753 1032 796 confirmatur
1067 752 1284 810 exemplo,
1311 765 1407 795 tum
1432 767 1465 794 3.
1491 752 1602 794 Pau-

186 826 277 878 lini,
312 826 386 882 qui
421 840 464 866 se
498 825 628 868 vendi
662 827 705 868 in
740 840 917 867 servum
967 824 1108 867 voluit
1162 836 1209 866 ut
1261 823 1404 866 filium
1447 822 1602 866 viduae

186 895 435 951 redimeret,
470 908 566 938 tum
601 911 758 938 eorum
785 897 858 953 qni
885 895 1147 952 religionem
1166 893 1494 951 ingrediuntur,
1518 894 1594 951 qui

185 983 275 1010 non
310 966 457 1009 solum
493 966 606 1009 bona
641 979 819 1009 externa
853 966 927 1009 sed
952 967 1084 1008 etiam
1109 964 1357 1009 libertatem
1376 981 1501 1008 suam
1526 964 1599 1007 ab-

185 1038 330 1082 dicant
365 1050 545 1095 propter
582 1038 830 1094 Christum,
880 1038 1080 1095 quamvis
1137 1037 1180 1079 hi
1230 1053 1319 1079 non
1354 1036 1600 1079 efficiantur

184 1111 314 1161 servi,
352 1125 402 1151 eo
437 1108 562 1167 quod,
592 1108 673 1151 hoc
709 1124 799 1151 non
833 1108 991 1151 faciant
1026 1110 1069 1151 in
1095 1107 1385 1151 commodum
1410 1107 1596 1150 Praelati

185 1180 442 1237 temporale,
477 1179 552 1222 sed
587 1195 718 1222 suum
754 1179 994 1236 spirituale.
1023 1197 1041 1219 »
1079 1178 1291 1235 Religiosi
1338 1177 1388 1221 ad
1433 1190 1595 1221 nutum

184 1253 424 1310 superioris
460 1253 503 1294 in
539 1251 622 1294 tale
657 1267 821 1294 munus
856 1249 1138 1305 incumbunt,
1192 1250 1267 1292 tali
1315 1251 1359 1292 in
1394 1249 1492 1292 loco
1528 1249 1600 1292 de-

184 1336 310 1381 gunt,
344 1323 418 1366 tali
452 1322 587 1365 modo
623 1334 877 1379 operantur.
911 1323 1058 1366 Nemo
1092 1333 1241 1363 autem
1275 1319 1393 1376 dicit,
1429 1335 1503 1362 eos
1540 1319 1600 1362 id-

184 1395 300 1437 circo
335 1405 408 1436 aut
442 1408 531 1435 non
567 1408 659 1434 esse
694 1392 914 1447 homines,
949 1404 1022 1434 aut
1057 1391 1244 1434 alienare
1297 1406 1370 1433 seu
1406 1390 1595 1434 vendere

185 1467 323 1522 ipsam
358 1464 610 1507 facultatem
646 1463 909 1517 naturalem,
925 1478 1034 1520 quae
1054 1475 1117 1504 est
1138 1461 1327 1505 liberum
1348 1461 1594 1504 arbitrium:

186 1538 278 1579 eius
315 1537 421 1587 usui,
455 1536 499 1578 in
519 1535 594 1577 illo
619 1551 751 1592 quem
777 1534 1090 1591 explicavimus
1116 1549 1263 1589 sensu,
1284 1532 1599 1576 tantummodo

187 1608 457 1650 renuntiant:
492 1608 645 1649 sinunt
679 1622 723 1648 se
758 1607 849 1663 regi
884 1618 925 1648 et
960 1605 1168 1660 ordinari,
1204 1620 1305 1647 cum
1341 1604 1600 1662 ceteroquin

187 1690 333 1720 essent
367 1678 434 1719 sui
468 1678 591 1732 iuriS,
625 1692 672 1719 ac
706 1689 887 1733 possent
921 1677 1002 1733 ipsi
1036 1692 1080 1717 se
1100 1691 1250 1733 regere
1275 1691 1320 1717 ac
1340 1674 1599 1732 gubernare.

306 1750 464 1791 Errant
498 1749 633 1805 igitur
668 1749 712 1799 ii,
747 1749 821 1805 qui
864 1746 1132 1790 arbitrantur
1184 1747 1457 1802 servitutem,
1492 1761 1600 1803 quo-

187 1835 377 1877 cumque
412 1819 592 1862 tandem
626 1835 757 1861 sensu
784 1834 831 1860 ea
856 1830 1072 1873 sumatur,
1107 1833 1129 1860 a
1177 1830 1357 1860 naturae
1392 1818 1486 1873 lege
1535 1832 1600 1859 re-

188 1891 377 1948 probari.
399 1917 451 1922 —
477 1890 599 1943 Quid
624 1891 806 1932 nomine
831 1891 1036 1932 servitulis
1056 1889 1296 1945 intelligis?
1321 1889 1362 1931 Si
1389 1888 1600 1944 intelligis

187 1962 499 2004 alienationem
534 1962 671 2004 totius
707 1962 902 2003 hominis
940 1960 1105 2002 belluae
1149 1972 1223 2002 aut
1257 1960 1414 2001 mercis
1449 1960 1600 2014 instar,

191 2046 345 2076 natura
380 2046 533 2076 contra
568 2032 787 2076 eiusmodi
808 2034 1066 2075 servitutem
1090 2031 1376 2074 vehementer
1395 2031 1599 2087 insurgit.

189 2105 263 2145 Sin
299 2116 446 2146 autem
481 2105 740 2146 servitutem
783 2103 972 2160 appellas
1021 2102 1254 2159 aliqualem
1296 2100 1601 2144 venditionem

189 2189 293 2216 usus
329 2175 608 2230 propriarum
641 2175 803 2216 virium
837 2173 993 2216 factam
1013 2173 1136 2215 alteri
1155 2185 1381 2229 tamquam
1401 2171 1600 2226 domino,

190 2246 264 2301 qui
289 2260 384 2286 eam
405 2244 648 2287 secundum
675 2246 834 2287 iustam
859 2245 1196 2302 proportionem
1222 2242 1462 2286 retribuere
1481 2254 1600 2284 tene-

264 2466 319 2512 (1)
348 2466 399 2499 De
427 2465 507 2499 iust.
536 2473 569 2499 et
597 2466 681 2507 iure,
712 2466 730 2498 l.
756 2466 796 2508 ΙΙ,
826 2478 900 2511 cap.
931 2475 960 2509 ς.
987 2465 1099 2500 dubit.
1126 2474 1158 2506 4.
