1705 2787
673 108 725 112 —
763 96 814 138 55
851 108 904 112 .-

68 202 110 233 et
141 190 422 233 institutione:
457 188 580 246 idque
613 187 762 246 probat
798 205 848 232 ex
881 204 932 231 eo
970 187 1083 245 quod
1116 188 1250 231 homo
1294 200 1354 231 est
1396 201 1508 232 natu-

68 261 207 304 raliter
238 276 309 303 ens
341 259 416 303 sibi
448 259 667 303 sufficiens.
702 260 832 317 Atqui
867 260 969 303 haec
1003 258 1199 317 probatio
1232 271 1292 302 est
1323 259 1436 303 nulla
1467 273 1507 304 et

69 333 182 377 falsa.

218 404 264 463 a)
297 405 457 457 Homo,
492 405 526 446 si
558 416 602 446 ut
635 420 657 446 e
690 416 858 446 naturae
903 404 1093 447 manibus
1126 403 1337 461 egreditur
1371 406 1506 448 consi-

68 475 247 530 deretur,
280 465 368 519 11011
402 488 462 519 θεῖ
494 475 599 529 talis,
646 477 715 533 qui
747 476 848 518 solit-5
881 477 1057 518 seorsim
1101 475 1149 519 ab
1183 476 1270 519 aliis
1301 478 1432 533 possit
1464 492 1507 519 se

70 563 316 592 conservare
349 559 388 589 et
421 546 664 591 defendere:
700 562 744 588 ac
777 546 952 602 proinde
985 563 1071 589 non
1106 558 1165 589 est
1199 563 1270 589 ens
1305 546 1379 590 sibi
1418 547 1506 590 suf-

12 638 15 640 ·
69 619 210 663 ficiens
249 618 298 663 ad
335 621 397 662 sui
439 616 775 662 conservcstiunem
819 631 857 661 et
891 620 1065 661 tntclmn.
1114 618 1220 662 Illud
1253 631 1343 672 stat,
1393 619 1506 676 quod

69 693 282 735 verissime
316 691 418 735 dixit
466 691 736 734 Bellarminus
769 690 861 750 (1):
915 692 1084 734 «Bruta
1132 691 1303 749 quidem
1350 704 1443 734 sunt
1484 708 1506 734 a

68 775 213 807 natura
245 765 300 806 ita
332 765 542 816 instructa,
576 774 621 804 ut
653 764 811 819 possint
844 762 919 804 sibi
951 764 1111 819 singula
1133 762 1333 815 sufficere,
1369 763 1504 805 1101110

70 848 210 879 autem
241 848 328 878 tam
360 835 501 878 multis
524 834 644 878 rebus
678 834 849 891 indiget,
884 846 926 875 ut
949 835 1049 876 sulas
1074 836 1212 877 vivere
1237 834 1351 877 1111110
1372 834 1504 878 1110110

69 910 242 965 possit...
292 908 464 950 Etiamsi
513 908 686 963 quisque
735 905 942 948 sufficeret
992 905 1040 949 ad
1085 906 1316 959 vivemlmn,
1364 919 1506 949 tamen

69 994 300 1036 numquam
333 977 539 1020 sufficeret
574 976 624 1021 ad
650 977 941 1035 prutegcmi'imi
974 993 1016 1019 se
1050 976 1097 1019 ab
1132 978 1287 1034 impetu
1320 977 1501 1020 ferarum

67 1063 109 1093 et
141 1050 366 1103 latronum,
399 1049 472 1093 sed
505 1048 555 1092 ad
589 1049 671 1091 hoc
704 1064 867 1091 necesse
910 1060 969 1090 est
1014 1046 1236 1091 convenire
1271 1062 1309 1091 et
1343 1049 1505 1091 collatis

70 1120 223 1164 viribus
256 1123 457 1164 resistere.
489 1139 508 1162 1)

219 1192 262 1251 IJ)
297 1192 378 1236 Sed
411 1208 507 1235 cum
542 1191 591 1235 de
622 1192 777 1234 homine
811 1207 950 1234 sermo
984 1204 1056 1244 est,
1093 1203 1277 1247 spectare
1309 1189 1505 1234 debemus

69 1278 157 1306 11011
188 1262 461 1306 soiummodo
496 1264 859 1305 conservationem
891 1278 936 1304 ac
970 1261 1256 1305 defensionem
1278 1263 1399 1314 vitae,
1434 1260 1504 1304 sed

69 1337 195 1378 etiam
227 1351 272 1378 ac
303 1336 519 1392 praecipue
559 1336 853 1377 convenientem
888 1336 1177 1392 perfectiunt'nz.
1219 1334 1430 1376 intelleclits
1462 1348 1505 1376 [tc

67 1408 299 1459 voluntatis,
331 1407 495 1450 iliarum
527 1422 678 1464 nempe
712 1406 966 1459 facultatum,
994 1406 1138 1464 quibus
1174 1407 1306 1449 homo
1330 1407 1502 1448 abrutis

68 1480 307 1522 secernitur.
341 1479 545 1531 Iamvero,
580 1490 624 1520 ut
656 1477 768 1522 idem
793 1491 935 1521 auctor
968 1478 1163 1521 disserere
1186 1479 1334 1534 pergit,
1363 1494 1382 1517 ‹<
1409 1476 1503 1520 iicet

69 1550 204 1593 homo
236 1549 439 1592 sufficeret
471 1548 547 1592 sibi
579 1551 706 1592 etiam
729 1563 873 1592 contra
896 1550 1051 1602 hostes,
1076 1561 1214 1591 tamen
1236 1564 1399 1605 semper
1422 1564 1504 1590 ma-

66 1634 184 1665 neret
215 1621 326 1665 rudis
358 1633 397 1664 et
441 1637 604 1678 exspers
638 1623 859 1679 sapientiae
905 1634 944 1664 et
989 1623 1163 1664 iustitiae
1196 1620 1503 1678 multarumque

67 1693 241 1736 aliarum
274 1695 490 1745 virtutum,
526 1709 623 1736 cum
654 1706 793 1736 tamen
828 1692 878 1736 ad
912 1693 993 1735 hoc
1027 1693 1110 1734 nati
1143 1708 1283 1734 sumus
1314 1704 1357 1734 ut
1391 1707 1503 1734 men-

66 1777 153 1809 tem
185 1778 225 1809 et
257 1765 522 1809 voluntatem.
553 1767 769 1823 praecipue
802 1781 1078 1808 exerceamus.
1115 1782 1135 1804 »

219 1837 257 1896 c)
279 1838 340 1880 Ex
375 1838 550 1880 naturali
588 1837 678 1891 hac,
717 1853 842 1894 quam
881 1837 1181 1893 descripsimus,
1215 1834 1503 1878 insufficientia

67 1920 178 1951 recte
220 1907 570 1952 concludebamus
604 1909 645 1950 in
678 1907 785 1951 thesi
818 1909 1033 1964 trigesima
1064 1921 1189 1960 nona,
1225 1906 1443 1948 hominem
1481 1921 1501 1947 a

138 2039 195 2084 (Ι)
222 2038 277 2074 Cf.
304 2051 416 2084 super.
444 2039 534 2073 thes.
561 2039 740 2074 XXXIX.
762 2058 804 2063 —
826 2038 883 2071 Est
910 2037 1067 2082 apprime
1087 2036 1224 2078 salsum,
1244 2037 1410 2070 homines
1428 2048 1501 2070 11011

64 2098 227 2144 indigere
254 2106 378 2133 mutuo
405 2098 547 2133 auxilio.
568 2099 604 2133 Si
632 2106 752 2132 tamen
772 2109 845 2130 non
864 2097 1078 2141 indigerent,
1097 2105 1179 2130 tunc
1198 2108 1338 2142 quoque
1357 2108 1498 2141 semper

60 2158 273 2193 societatem
288 2166 505 2204 appeterent.
522 2158 682 2199 Etiamsi,
702 2158 748 2191 ait
766 2165 859 2190 recte
880 2155 1093 2190 Aristoteles
1112 2155 1217 2189 Polit.
1243 2156 1361 2198 111.4.‚
1376 2164 1501 2189 mutuo

65 2217 197 2252 auxilio
227 2229 301 2252 non
329 2226 471 2264 egeant,
498 2217 734 2251 nihilominus
761 2217 972 2250 societatem
1002 2224 1035 2250 ct
1068 2215 1369 2249 communitatem
1409 2216 1501 2250 vitae

672 2273 811 2333 είμεκι
852 2278 917 2323 rig
959 2278 1038 2333 ’ἵκῤ
1075 2271 1265 2321 ἀλλ-ἥλων
1295 2271 1498 2330 βετβεῖας,

654 2275 669 2288 ’Χ

65 2277 233 2312 homines
258 2286 438 2323 appetunt.
472 2276 612 2322 ΝΙ-Λὸἐμ
646 2291 666 2318 O

67 2351 134 2391 ςύγ,
156 2347 314 2392 ἔλαττον
339 2345 531 2408 ξρξγρνται
555 2352 621 2392 '5:23
641 2351 773 2396 συζῆν,
800 2349 984 2392 Appetunt
1004 2347 1139 2381 scilicet
1154 2347 1229 2381 aliis
1249 2348 1288 2381 iis
1307 2347 1350 2381 de
1377 2347 1501 2387 causis,

62 2431 149 2466 quas
181 2421 318 2466 saepius
349 2421 419 2454 iam
451 2420 750 2455 enumeravimus:
782 2419 912 2452 mentis
943 2417 1127 2464 perfectio,
1160 2418 1402 2464 propinquitas
1423 2429 1502 2452 san-

65 2480 194 2526 guinis,
222 2489 461 2526 conceptuum
479 2479 759 2514 communicatio
788 2486 854 2512 etc.
