1705 2787
84 154 222 196 tineat
253 151 337 195 sibi
371 152 603 210 providere
637 152 689 196 de
723 167 840 210 rege,
865 168 956 194 non
980 152 1145 195 iniuste
1179 151 1231 195 ab
1252 151 1408 195 eadem
1433 168 1508 195 rex

86 225 320 267 institutus
353 235 500 281 potest
534 222 716 280 destrui,
739 224 809 267 vel
843 222 1081 266 refraenari
1115 224 1211 266 eius
1236 235 1447 281 potestas,
1471 224 1506 266 si

85 306 303 352 potestate
338 295 457 351 regia
490 295 720 351 tyrannice
744 293 966 337 abutatur.
986 295 1080 338 Nec
1106 294 1301 352 putanda
1325 307 1389 337 est
1408 295 1505 337 talis

85 366 330 410 multitudo
363 365 601 409 infideliter
636 382 765 424 agere
800 379 1043 424 tyrannum
1079 367 1342 423 destituens,
1372 369 1505 410 etiam

83 437 119 479 si
153 436 296 480 eidem
331 438 376 479 in
409 449 625 493 perpetuo
659 452 705 479 se
739 450 840 480 ante
876 437 1137 481 subiecerat:
1175 439 1277 495 quia
1302 437 1387 480 hoc
1411 439 1503 495 ipse

82 508 262 563 meruit,
296 508 341 550 in
376 507 679 551 multitudinis
714 509 932 565 regimine
967 523 1012 550 se
1064 523 1155 551 non
1206 507 1395 551 fideliter
1429 524 1503 565 ge-

83 594 200 634 renS,
234 590 283 621 ut
316 579 451 635 exigit
485 580 600 635 regis
635 578 849 634 officium,
903 578 1022 637 quod
1057 580 1094 621 ei
1129 592 1310 636 pactum
1344 595 1366 621 a
1400 579 1504 622 sub-

83 648 184 692 ditis
208 664 300 692 non
325 662 588 693 reservetur.
611 649 679 701 Sic
700 650 892 693 Romani
912 651 1217 708 Tarquinium
1238 650 1484 707 superbum

81 736 217 779 quem
251 722 296 764 in
330 737 481 779 regem
515 734 815 779 susceperant,
850 734 1031 778 propter
1081 722 1174 764 eius
1225 734 1267 763 et
1302 720 1501 764 filiorum

80 792 363 849 tyrannidem
397 808 419 835 a
439 808 579 849 regno
600 794 842 848 eiecerunt,
867 792 1109 835 substituta
1133 793 1315 848 minori,
1334 792 1501 835 scilicet

79 864 317 920 consulari,
351 876 585 922 potestate.
621 864 690 907 Sic
725 865 860 907 etiam
893 865 1198 920 DomitianuS,
1235 865 1311 922 qui
1346 863 1499 907 mode-

79 937 286 979 stissimis
319 936 673 994 Imperatoribus
709 937 984 993 Vespasiano
1019 936 1146 993 patri,
1181 948 1223 978 et
1245 935 1352 978 Tito
1377 934 1500 978 fratri

79 1008 174 1050 eius
209 1020 493 1062 successerat,
529 1006 639 1050 dum
693 1006 976 1065 tyrannidem
1021 1019 1207 1061 exercet,
1261 1022 1283 1049 a
1333 1006 1497 1049 Senatu

77 1079 283 1124 Romano
317 1080 614 1136 interemptus
650 1092 729 1134 est,
764 1079 976 1122 omnibus
1011 1094 1122 1137 quae
1157 1094 1361 1136 perverse
1405 1079 1494 1123 Ro-

76 1151 220 1193 manis
254 1150 415 1194 fecerat
449 1166 525 1208 per
560 1152 1008 1194 senatusconsultum
1043 1153 1158 1194 iuste
1192 1164 1233 1194 et
1258 1151 1497 1195 salubriter

76 1222 121 1265 in
155 1223 336 1265 irritum
371 1223 601 1266 revocatiS.
628 1223 736 1276 Quo
756 1222 921 1266 factum
941 1235 1022 1279 est,
1046 1236 1094 1265 ut
1119 1223 1279 1266 Beatus
1304 1223 1493 1266 loannes

77 1294 360 1351 Evangelista
394 1294 580 1337 dilectus
615 1295 698 1337 Dei
732 1294 991 1351 discipulus,
1026 1296 1103 1352 qui
1136 1310 1212 1351 per
1235 1296 1384 1352 ipsum
1404 1296 1496 1338 Do-

76 1365 315 1407 mitianum
350 1365 395 1407 in
430 1364 645 1408 Pathmos
679 1364 873 1407 insulam
908 1363 1052 1407 fuerat
1089 1365 1221 1407 exilio
1257 1365 1495 1422 relegatuS,

75 1435 127 1478 ad
164 1436 395 1493 Ephesum
431 1452 506 1494 per
542 1436 986 1479 senatusconsultum
1022 1437 1324 1479 remitteretur
1348 1436 1435 1495 (1).

196 1524 216 1547 α
244 1507 288 1551 Si
321 1523 426 1551 vero
450 1507 503 1551 ad
526 1509 593 1551 ius
618 1508 804 1551 alicuius
830 1509 1072 1565 superioris
1098 1510 1315 1565 pertineat
1338 1509 1491 1552 multi-

73 1578 218 1622 tudini
251 1579 485 1637 providere
519 1579 570 1623 de
605 1579 1058 1638 rege,expectandum
1094 1592 1158 1621 est
1183 1579 1235 1621 ab
1270 1595 1322 1622 eo
1344 1596 1495 1624 reme-

74 1649 198 1693 dium
233 1664 387 1694 contra
435 1653 614 1709 tyranni
662 1653 923 1709 nequitiam.
960 1652 1027 1693 Sic
1082 1651 1302 1707 Archelai,
1337 1653 1413 1709 qui
1448 1653 1494 1695 in

72 1721 230 1765 Iudaea
265 1738 346 1780 pro
401 1723 580 1766 Herode
634 1736 757 1781 patre
812 1739 895 1766 suo
931 1739 1116 1780 regnare
1150 1725 1237 1766 iam
1273 1737 1493 1781 coeperat,

141 1883 197 1928 (1)
226 1884 317 1919 Cum
347 1885 401 1920 his
428 1886 659 1921 conferantur
687 1898 738 1929 ea,
767 1899 857 1932 quac
896 1897 938 1920 ex
969 1887 1136 1921 Suaresio
1165 1886 1347 1921 attulimus
1377 1899 1495 1932 super.

69 1954 149 1989 pag.
178 1944 255 1978 228.
284 1945 318 1978 in
338 1946 459 1980 adnot.
490 1967 532 1971 —
552 1947 600 1981 Ut
628 1947 739 1980 sancti
773 1947 939 1980 Tliomae
967 1946 1127 1980 doctrina
1148 1955 1243 1980 recte
1264 1946 1493 1992 intelligatur,

71 2002 401 2039 animadvertantur
427 2005 515 2040 haec
544 2007 625 2039 duo.
654 2006 692 2049 ν.)
720 2006 802 2039 Non
833 2005 989 2050 loquitur
1008 2017 1032 2038 s.
1056 2006 1193 2039 Doctor
1213 2005 1255 2039 dc
1275 2006 1414 2050 privato
1434 2005 1491 2039 vel

68 2061 214 2105 privatis
243 2062 428 2108 aliquibus,
457 2065 514 2110 qui
541 2065 685 2110 proprio
713 2074 826 2098 marte
855 2076 916 2097 seu
945 2064 1080 2108 privata
1107 2065 1399 2108 praesumptione
1427 2077 1491 2098 au-

70 2120 176 2155 deant
204 2122 237 2155 id
267 2122 422 2167 efficere,
449 2125 511 2158 sed
540 2125 582 2158 de
611 2133 685 2158 tota
724 2123 815 2157 civili
844 2125 1032 2161 societate:
1062 2135 1126 2157 nec
1156 2124 1198 2157 de
1239 2123 1489 2170 qualicumque

69 2179 161 2213 civili
191 2181 365 2216 societate
393 2182 559 2228 loquitur,
588 2184 650 2217 scd
679 2183 722 2216 dc
750 2183 809 2217 tali
839 2183 1023 2224 societate,
1052 2183 1094 2216 ad
1114 2183 1212 2217 cuius
1240 2184 1292 2216 ius
1313 2183 1490 2227 pertineat

68 2239 131 2273 sibi
161 2241 348 2285 providere
377 2242 419 2276 de
447 2254 543 2287 rege.
571 2249 598 2284 ρ)
628 2243 805 2287 Supponit
832 2252 992 2276 amotum
1035 2254 1114 2276 esse
1155 2242 1362 2287 periculum,
1392 2242 1488 2287 quod

68 2298 202 2332 ordinis
229 2300 465 2345 tranquillitas
493 2301 608 2345 magis
637 2301 750 2334 adhuc
771 2301 1004 2345 perturbetur,
1027 2302 1212 2346 maiusque
1234 2301 1360 2334 exinde
1380 2301 1489 2334 detri-

67 2367 229 2392 mentum
256 2360 409 2393 societas
437 2361 481 2394 sit
509 2360 680 2394 habitura.
711 2380 752 2384 —
782 2361 880 2394 Haec
909 2361 1030 2394 omnia
1059 2360 1174 2394 lucem
1202 2360 1366 2394 haurient
1385 2361 1426 2394 ab
1445 2361 1486 2393 iis

69 2414 201 2451 Leonis
228 2417 324 2452 XIII.
351 2418 479 2460 verbis,
508 2406 598 2464 quae
626 2418 659 2451 in
689 2418 758 2452 sinc
787 2418 892 2451 huius
921 2418 1065 2453 theseos
1094 2419 1295 2453 asseremus.
