1705 2787
668 90 721 97 —
755 77 839 122 477
876 90 928 97 -

279 181 309 217 3.
335 171 506 215 Eaedem,
534 173 563 207 si
589 173 624 207 id
644 173 864 208 sufficienter
881 174 1091 219 exprimant,
1111 174 1265 210 reddunt
1285 184 1405 210 actum

276 230 473 266 invalidum
501 240 535 266 et
560 233 713 267 irritum.
736 253 781 280 ⁴——
808 242 840 275 4.
868 233 945 267 Nec
987 233 1106 267 solum
1132 233 1231 280 leges
1271 235 1407 269 mixtae

276 291 351 325 dari
378 301 540 336 possunt,
567 293 630 327 sed
659 293 768 327 etiam
796 292 895 339 leges
923 304 1021 328 mere
1053 293 1224 339 poenales
1277 320 1285 328 .
1335 319 1343 328 .
1400 320 1407 327 .
1440 304 1503 339 273

138 350 215 394 178.
242 350 463 387 Scholion.
490 371 535 377 —
565 363 595 388 1.
621 353 676 387 De
703 353 822 398 rigore
865 364 928 387 seu
971 352 1119 389 lenitate
1166 353 1411 400 obligationis,

279 421 388 455 quam
413 410 474 445 lex
500 411 614 446 civilis
641 412 670 446 si
696 413 790 446 iusta
817 414 863 448 sit
887 414 1206 450 inducia—..Non
1224 414 1324 448 deest
1343 422 1410 459 po-

278 476 389 504 testas
417 470 452 503 in
477 471 691 516 magistratu
717 470 812 504 civili
840 471 883 506 ad
910 471 1144 518 obligandum
1172 474 1243 508 suis
1272 473 1410 519 legibus

277 540 359 562 cum
374 529 533 574 periculo
553 531 812 576 cuiuscumque
832 533 1041 566 nocumenti
1060 533 1283 578 temporalis,
1299 533 1410 568 etiarn

278 590 415 632 mortis,
444 591 472 624 si
501 602 652 625 necesse
682 592 740 625 sit.
760 611 803 617 -
822 592 857 624 Si
878 592 1004 626 mortis
1032 592 1230 637 periculum
1257 604 1330 627 non
1358 601 1413 627 est

276 660 339 694 per
365 661 402 684 se
431 651 669 686 coniunctum
691 652 783 686 actui
811 660 1022 697 praecepto,
1050 651 1113 685 sed
1159 652 1412 697 contingenter

277 708 492 755 adiungitur,
520 709 576 744 lex
602 710 715 745 civilis
754 722 817 755 per
844 723 881 745 se
908 722 982 744 non
1023 710 1159 757 obligat
1187 711 1229 746 ad
1264 712 1317 745 sui
1347 712 1413 745 ob-

276 769 521 804 servationem
548 781 630 804 cum
656 779 758 805 tanto
785 770 945 815 periculo
960 770 1067 812 vitae,
1088 770 1162 803 imo
1182 781 1248 804 nec
1268 769 1412 804 alterius

276 829 479 873 gravissimi
506 829 728 871 nocumenti,
756 829 860 874 quale
905 838 959 864 est
1001 830 1119 875 gravis
1162 829 1313 865 infamia
1356 840 1415 865 aut

275 899 408 934 magna
433 888 569 923 iactura
593 889 784 931 bonorum,
814 910 855 914 —-
885 899 929 923 ex
959 889 1133 923 accidenti
1162 901 1253 923 vero
1281 902 1344 924 seu
1371 891 1406 924 in

275 947 395 995 aliquo
428 961 513 984 casu
540 949 699 995 obligare
727 958 857 995 potest.
884 969 926 975 —
950 960 980 984 2.
1008 950 1061 983 De
1089 950 1291 984 mutatione
1322 948 1411 995 legis

277 1007 402 1043 civilis.
429 1030 472 1034 —
501 1010 555 1044 De
584 1009 747 1045 eiusdem
773 1009 1066 1054 interpretatione
1107 1034 1414 1044 ......
1443 1009 1504 1053 283

87 1103 275 1148 'I'hesis
309 1104 468 1147 LXXI.
489 1124 541 1156 -χ-
565 1105 784 1160 Quaenam
807 1105 1087 1162 requirantur,
1116 1113 1155 1146 nt
1177 1103 1242 1146 lex
1265 1104 1403 1147 civilis

303 1189 423 1218 suam
445 1174 586 1218 habeat
617 1176 806 1218 virtatem
825 1191 995 1233 suosque
1009 1176 1209 1233 producat
1227 1175 1397 1234 effecius.
1424 1176 1509 1219 286
1547 1176 1550 1177 ⁷

138 1268 212 1304 ῐ79.
238 1259 578 1296 Demonstratio.
605 1279 648 1283 —
680 1270 708 1293 1.
734 1259 951 1294 Necessaria
993 1269 1047 1294 est
1085 1259 1340 1305 promulgatio.
1370 1281 1412 1285 —

280 1329 311 1353 2.
338 1318 423 1353 Non
449 1319 538 1354 item
565 1331 628 1365 per
654 1330 693 1353 se
722 1320 911 1364 requiritur
954 1320 1153 1365 acceptatio
1180 1318 1322 1364 populi:
1368 1338 1410 1344 —-

274 1376 365 1411 haec
392 1377 423 1412 si
450 1378 594 1423 quando
623 1378 788 1423 exigitur,
816 1378 850 1412 id
878 1390 956 1412 esse
985 1377 1086 1412 aliter
1111 1378 1246 1423 nequit,
1274 1378 1340 1412 nisi
1366 1396 1414 1403 —-

279 1445 339 1471 aut
364 1445 510 1482 propter
535 1436 785 1482 imperfectam
812 1437 979 1482 principis
1006 1445 1237 1481 potestatem,
1280 1437 1337 1482 qui
1367 1447 1412 1470 ex

277 1495 447 1541 peculiari
473 1508 561 1532 suae
588 1498 772 1532 societatis
800 1496 1056 1530 constitutione
1085 1496 1147 1529 sub
1175 1495 1241 1530 hac
1282 1496 1414 1541 depen—

277 1556 399 1591 dentia
413 1565 632 1602 potestatem
649 1558 803 1602 suscepit
820 1575 859 1579 —
873 1564 930 1589 aut
948 1565 990 1588 ex
1013 1555 1173 1589 eiusdem
1192 1555 1414 1600 benignitate

277 1616 336 1661 qui
365 1616 528 1652 absoluta
554 1629 617 1652 sua
644 1626 824 1662 potestate
853 1618 900 1652 uti
928 1617 1019 1651 nolit
1047 1642 1414 1652 .......
1464 1616 1508 1650 ib.

139 1677 216 1712 180.
241 1676 520 1713 Scholion.-
551 1688 578 1711 1.
598 1678 652 1712 De
672 1676 810 1721 legibus
839 1686 962 1718 status,
985 1688 1075 1722 quae
1092 1676 1257 1711 dicuntur
1285 1676 1413 1710 sunda—

277 1735 453 1772 mentales
466 1756 508 1761 —-
525 1736 609 1783 quid
625 1737 695 1772 sint
712 1756 753 1762 —
768 1736 983 1783 quotuplicis
998 1737 1069 1770 sint
1084 1736 1227 1781 generis
1241 1754 1283 1761 —-
1296 1744 1414 1771 utrum

276 1796 405 1831 mutari
432 1796 573 1841 possint
600 1804 635 1831 et
661 1796 862 1842 quomodo.
879 1815 920 1821 —
937 1806 966 1830 2.
988 1796 1117 1829 Utrum
1137 1794 1322 1839 legislator
1340 1795 1413 1829 suis

275 1856 352 1900 ipse
378 1855 517 1901 legibus
545 1855 734 1901 obligetur:
764 1876 806 1881 —
834 1855 1016 1890 distinctio
1054 1855 1146 1888 inter
1173 1855 1245 1889 vim
1273 1854 1413 1888 directi-

273 1926 358 1950 vam
384 1914 474 1962 legis
500 1924 533 1950 et
561 1916 762 1950 coactivam
802 1942 810 1950 .
863 1942 869 1948 .
922 1941 930 1948 .
984 1941 993 1948 ,
1043 1939 1052 1946 .
1105 1940 1112 1946 .
1165 1939 1173 1948 .
1225 1939 1234 1947 .
1285 1940 1291 1946 .
1346 1939 1353 1946 .
1406 1939 1413 1946 .
1442 1914 1507 1959 289

87 2011 274 2060 'I'hQSiS
308 2010 484 2058 LXXII,
526 2037 577 2041 —
614 2011 674 2053 De
711 2018 898 2068 polcslalc
934 2007 1120 2051 iudiciali·
1202 2042 1212 2050 .
1277 2042 1284 2049 .
1350 2041 1359 2049 .
1423 2020 1502 2064 203

135 2094 212 2130 181.
236 2095 564 2131 Praenotiones.
586 2115 628 2120 —-
654 2106 681 2129 1.
702 2095 798 2136 Quid
827 2103 879 2128 est
908 2103 1069 2138 potestas
1091 2092 1276 2127 iudicialis.
1297 2111 1337 2117 -
1357 2093 1412 2126 De

273 2154 402 2200 duplici
418 2155 523 2190 huius
539 2155 727 2200 potestatis
745 2154 941 2189 functione.
962 2173 1003 2178 -
1026 2164 1055 2187 2.
1085 2153 1180 2195 Quid
1198 2153 1266 2186 sint
1284 2152 1412 2187 iudicia

275 2225 366 2260 quae
394 2214 558 2248 dicuntur
585 2213 703 2248 civilia
732 2234 769 2238 —
802 2214 885 2260 quid
913 2212 1112 2247 criminalia
1163 2237 1414 2248 .....
1464 2212 1509 2247 ib.

137 2272 211 2306 182.
238 2273 577 2309 Demonstratio.
604 2292 650 2299 -—
670 2285 700 2307 1.
722 2273 875 2319 Principi
905 2272 997 2307 civili
1026 2273 1201 2317 competit
1229 2272 1335 2306 etiam
1352 2282 1414 2316 po-

274 2341 386 2367 testas
414 2334 597 2368 iudiciaria
623 2352 670 2358 —
697 2333 815 2379 quoad
845 2342 1034 2378 utramque
1062 2332 1166 2366 huius
1204 2332 1288 2366 iuris
1332 2330 1413 2365 sun-

278 2391 447 2429 ctionem.
476 2411 518 2415 —
548 2402 577 2425 2.
607 2392 741 2427 Iudicia
768 2392 886 2430 civilia
914 2403 994 2428 sunt
1040 2392 1286 2432 ordinationes
1327 2389 1413 2425 obli-

279 2451 388 2495 gandi
416 2453 449 2483 vi
479 2452 672 2496 praeditae:
695 2471 736 2476 —-
757 2462 831 2486 non
861 2461 979 2486 autom
1007 2462 1107 2486 mera
1136 2450 1270 2485 funetio
1296 2450 1414 2497 lagi&
