1705 2787
679 77 912 120 —27-

169 174 242 216 VI.
273 172 504 229 Arguimus
534 179 641 214 sexto
674 187 724 214 ex
755 186 820 224 eo,
854 170 968 228 quod
1016 170 1152 213 homo
1199 169 1373 212 naturali
1419 184 1513 226 pro-

79 240 283 303 pensione
309 243 437 286 fertur
468 241 519 286 ad
550 242 748 286 socialem
779 244 908 285 vitam
940 257 1036 284 cum
1069 241 1156 284 aliis
1179 240 1424 284 ducendam.
1454 266 1511 273 -—

84 335 113 364 α,
140 315 256 368 Quid
278 314 460 368 dulcius,
495 315 654 371 quaerit
689 313 853 357 Tullius
884 312 967 373 (1),
1003 329 1129 370 quam
1152 311 1317 365 habere,
1343 314 1512 369 quicum

79 388 220 434 onmia
251 385 399 429 audeas
430 385 487 427 sic
518 384 635 441 loqui
657 397 701 427 ut
724 385 894 427 tecum?
917 384 1024 436 Quis
1047 396 1151 426 esset
1184 395 1319 425 tantus
1353 382 1512 425 fructus

77 459 120 505 in
150 457 358 514 prosperis
389 456 522 509 rebus,
555 457 634 498 nisi
666 455 848 509 haberes,
883 457 953 512 qui
986 454 1065 498 illis
1099 470 1226 511 aeque
1260 470 1305 497 ac
1339 467 1383 496 tu
1427 455 1513 511 ipse

77 528 305 587 gauderet?
336 527 543 571 Adversas
574 542 675 583 vero
706 526 812 570 ferre
855 525 1020 570 difficile
1067 539 1171 569 esset
1221 527 1307 568 sine
1341 541 1406 578 eo,
1443 527 1513 582 qui

77 600 165 644 illas
196 601 363 657 gravius
395 601 534 652 etiam,
569 614 695 656 quam
727 612 784 652 111,
819 599 954 642 ferret.
982 617 1001 639 »
1048 600 1160 642 Haec
1206 610 1344 642 autem
1386 611 1512 641 natu-

76 671 170 716 ralis
202 672 426 728 propensio
474 684 534 714 est
565 671 701 713 multo
734 672 932 714 intensior
974 687 1018 714 ac
1067 671 1359 713 vehementior
1408 686 1509 727 erga

75 741 249 799 aliquos,
283 740 336 784 ob
369 741 590 798 specialem
627 742 964 783 coniunctionem
998 740 1309 797 sanguinis‚vel
1340 756 1510 783 morum

76 813 404 866 similitudinem,
439 813 504 856 vel
537 812 750 855 vinculum
783 812 1002 865 affinitatis,
1037 812 1103 855 vel
1146 825 1309 869 accepta
1358 811 1406 855 ab
1455 813 1513 855 eis

76 884 296 928 beneficia:
339 884 443 928 adeo
485 896 529 927 ut
572 884 630 927 nil
677 885 811 941 magis
854 883 1099 937 violentum,
1150 883 1510 940 quemadmoij

74 958 294 1014 unicuique
326 958 579 1014 experientia
612 959 697 1013 ipsa
730 969 903 1009 constat,
938 972 1063 1013 quam
1096 972 1116 998 a
1162 957 1396 1012 parentibus
1444 954 1511 998 vel

75 1028 276 1082 affinibus,
310 1044 333 1071 a
365 1030 555 1086 cognatis
588 1028 653 1071 vel
687 1029 840 1080 amicis,
876 1029 1065 1085 quamvis
1098 1027 1147 1071 ad
1186 1026 1309 1070 breve
1331 1039 1511 1083 tempus,

74 1100 206 1146 avelli.
238 1100 432 1143 Iamvero
466 1116 517 1143 ex
548 1098 908 1157 propensionibus,
963 1115 1062 1156 quas
1104 1111 1248 1142 natura
1297 1100 1382 1155 ipsa
1430 1099 1510 1141 ho—

73 1173 176 1214 mini
208 1170 324 1224 indit,
356 1183 465 1214 recte
498 1171 751 1228 colligimus,
797 1170 997 1227 quidnam
1045 1171 1096 1212 sit
1146 1170 1245 1214 illud
1294 1169 1343 1213 ad
1393 1169 1509 1226 quod

73 1255 218 1286 natura
248 1243 468 1285 hominem
500 1242 690 1286 destinat.
725 1243 875 1299 Neque
910 1244 1022 1284 enim
1055 1241 1141 1284 fieri
1174 1254 1326 1298 potest,
1366 1254 1409 1283 ut
1443 1256 1510 1283 113-

73 1326 164 1356 tura
196 1313 416 1356 hominem
448 1328 536 1356 non
569 1312 743 1356 destinet
776 1312 826 1356 311
876 1312 928 1364 id,
970 1311 1019 1355 ad
1068 1311 1182 1369 quod
1230 1328 1302 1369 per
1350 1313 1510 1354 innatas

72 1383 160 1427 illas
191 1385 490 1441 propensiones
524 1396 740 1441 tantopere
774 1400 870 1426 eum
904 1383 1084 1426 inclinat.

161 1455 301 1498 Placet
340 1454 469 1498 finem
500 1455 595 1498 huic
627 1455 733 1498 thesi
765 1456 986 1511 imponere
1020 1454 1154 1497 verbis
1197 1455 1374 1497 Senecae
1411 1453 1509 1512 (2):

77 1545 99 1568 ‹<
134 1527 237 1580 Quo
269 1527 351 1571 alio
384 1529 461 1570 tuti
484 1543 638 1580 sumus,
658 1542 784 1584 quam
806 1526 920 1583 quod
946 1528 1100 1568 mutuis
1126 1528 1316 1568 iuvamur
1341 1524 1510 1568 officiis?

76 1598 171 1641 Hoc
202 1614 287 1641 uno
321 1600 559 1642 instructior
590 1600 674 1641 vita
707 1610 930 1654 contraque
965 1599 1221 1639 incursiones
1243 1597 1393 1640 subitas
1422 1613 1509 1639 mu-

76 1671 202 1712 nitior
234 1681 307 1723 est,
330 1668 626 1713 beneficiorum
661 1671 932 1712 commercio.
965 1670 1043 1712 Fac
1076 1685 1153 1711 nos
1185 1669 1384 1726 singulos:
1409 1668 1508 1725 quid

76 1742 244 1785 sumus?
275 1741 425 1798 praeda
457 1741 702 1784 animalium
737 1754 775 1784 et
807 1743 1016 1793 victimae,
1067 1757 1111 1783 ac
1163 1740 1509 1783 imbecillissimus

76 1826 117 1858 et
147 1813 366 1857 facillimus
397 1815 576 1871 sanguis.
602 1814 818 1866 Quoniam
842 1814 984 1855 ceteris
1007 1812 1251 1855 animalibus
1273 1813 1315 1854 in
1338 1810 1508 1854 tutelam

77 1886 138 1928 sui
170 1885 264 1928 satis
295 1886 446 1928 virium
480 1897 552 1928 est:
587 1900 872 1943 quaecumque
904 1900 1011 1941 vaga
1042 1896 1263 1926 nascuntur
1302 1896 1340 1925 et
1370 1895 1510 1925 actura

77 1957 207 1999 vitam
237 1972 470 2014 segregem,
504 1970 661 2000 armata
692 1970 807 2000 sunt:
842 1957 1061 1999 hominem
1086 1955 1341 1998 imbecillitas
1365 1954 1507 2010 cingit:

76 2041 163 2070 non
205 2029 410 2084 unguium
452 2029 526 2081 vis,
559 2044 646 2071 non
690 2028 890 2081 dentium,
934 2026 1159 2070 terribilem
1203 2027 1346 2069 ceteris
1389 2024 1507 2068 fecit:

76 2096 235 2142 nudum
267 2110 306 2141 et
337 2097 553 2141 infirmum
585 2100 758 2142 societas
791 2099 939 2141 munit.
973 2098 1085 2140 Duas
1125 2114 1188 2140 res
1235 2096 1358 2150 dedit,
1402 2111 1508 2153 quae

148 2217 204 2263 (r)
232 2218 288 2252 De
314 2219 418 2252 amic.
447 2231 474 2253 c.
503 2219 566 2253 VI.
595 2219 673 2253 Hoc
702 2230 806 2264 saepe
846 2200 999 2252 inculcat
1040 2218 1180 2259 Cicero,
1207 2218 1395 2252 hominem
1434 2229 1508 2251 non

78 2276 188 2311 modo
215 2277 261 2312 ob
296 2278 520 2324 indigentiam
549 2287 582 2313 ct
619 2279 896 2319 ῐνηὶωείίἷίίαΐεηι,
924 2278 985 2312 sed
1021 2278 1129 2312 etiam
1166 2290 1207 2312 ex
1241 2277 1389 2312 naturali
1425 2289 1508 2323 erga

77 2335 162 2370 alios
184 2339 422 2383 propensione,
448 2338 564 2372 immo
591 2350 677 2372 vero
706 2350 748 2372 ex
775 2338 839 2371 hac
872 2338 1097 2383 potissimum
1134 2337 1215 2372 ferri
1251 2338 1292 2371 ad
1329 2337 1508 2371 socialiter

78 2407 159 2430 cum
184 2395 259 2432 aliis
286 2397 489 2432 vivendum.
519 2397 573 2433 Cf.
601 2399 645 2432 de
672 2398 775 2431 amic.
801 2409 830 2431 c.
859 2398 968 2439 VIII„
995 2398 1038 2431 de
1067 2398 1151 2443 Rep.
1179 2399 1204 2431 Ι.
1233 2408 1287 2441 25.

151 2456 206 2502 (2)
233 2456 289 2492 De
316 2457 435 2492 benef.
464 2457 485 2491 1.
514 2458 576 2499 IV,
604 2470 632 2492 c.
664 2459 716 2492 18.
