1705 2787
697 74 955 124 *155*-

206 175 380 231 Officia,
414 175 603 233 inquieS,
629 175 791 234 quibus
819 175 989 219 domini
1025 191 1126 232 erga
1160 190 1310 218 servos
1345 173 1533 220 adstrin-

116 260 298 304 guntur,
332 263 355 289 a
388 245 582 290 dominis
617 248 871 302 violantur3
907 248 1027 291 nulla
1061 247 1112 291 de
1146 248 1283 290 servis
1318 249 1429 291 ratio
1465 248 1539 291 ha-

115 318 256 374 betur,
291 319 610 376 opprimuntur
644 321 772 375 servi,
805 333 1034 363 vexantur.
1059 346 1112 350 —
1136 319 1204 362 Ne
1235 318 1414 375 inferas,
1449 334 1537 362 ser-

112 391 298 433 vitutem
335 405 429 432 esse
464 405 515 432 ex
548 406 593 432 se
627 391 850 434 illicitam:
889 406 1032 449 neque
1067 392 1202 445 enim,
1238 403 1284 434 ut
1320 403 1454 448 patet,
1489 407 1536 433 ea

111 461 340 504 conclusio
374 473 522 518 potest
556 461 713 504 exinde
739 462 901 519 colligi.
929 464 1045 505 Haec
1072 463 1219 519 potius
1246 460 1405 505 inferas
1426 479 1434 506 :
1459 462 1536 505 do-

112 533 221 574 mini
256 532 469 589 impleant
494 531 650 588 officia,
676 533 836 591 quibus
863 549 963 590 erga
987 548 1137 576 servos
1163 546 1401 577 tenentur:
1428 532 1533 576 abu-

110 617 199 659 sus,
224 615 447 661 quotquot
472 615 591 659 sunt,
617 603 831 646 tollantur
857 619 877 646 a
903 604 1017 646 civili
1042 605 1319 659 auctoritate,
1344 605 1414 647 cui
1438 605 1533 646 iura

109 675 273 718 civium
307 675 529 730 omnium,
565 677 757 718 maxime
791 691 895 718 vero
931 692 1177 734 pauperum
1213 691 1259 719 ac
1301 675 1531 733 debilium,

109 760 213 791 sunt
248 747 299 791 ad
333 748 518 791 tutelam
545 750 798 792 commissa:
824 748 1073 792 observatio
1100 749 1265 806 legum,
1290 765 1401 808 quae
1423 762 1530 793 sunt

108 818 359 862 directrices
395 819 620 861 servitutis
654 819 732 877 (ne
767 821 972 871 servitus,
1021 819 1128 863 dum
1177 835 1227 863 ex
1264 835 1303 863 se
1337 835 1429 864 non
1465 833 1531 864 est

108 890 273 945 illicita,
308 905 358 932 ex
394 890 510 933 modo
545 890 696 934 evadat
732 891 895 934 nefaria
929 907 975 934 ac
1010 892 1230 951 scelesta),
1267 905 1491 949 urgeatur.

202 964 295 1018 146.
331 961 576 1006 SCHOLION.
602 962 800 1006 Servitus
836 979 887 1006 ex
911 978 955 1005 se
979 979 1070 1005 non
1096 976 1161 1006 est
1196 963 1359 1006 illicita:
1385 976 1531 1021 potest

109 1033 422 1089 nihilominus,
458 1046 506 1076 ut
541 1049 592 1076 ex
627 1035 758 1091 modo,
804 1036 863 1078 sic
899 1036 1031 1078 etiam
1067 1050 1119 1078 ex
1145 1036 1257 1093 sacto
1291 1050 1367 1078 seu
1403 1035 1529 1087 titulo,

106 1121 197 1164 quo
223 1104 466 1161 inducitur,
502 1120 595 1148 esse
630 1107 781 1164 iniqua
816 1107 883 1149 vel
908 1107 1085 1149 iniusta.
1121 1107 1249 1149 Facta
1273 1119 1422 1150 autem
1447 1122 1524 1150 seu

106 1178 240 1234 tituli,
275 1177 438 1235 quibus
473 1178 663 1221 servitus
698 1177 848 1221 induci
883 1191 1044 1236 potest,
1080 1190 1184 1221 sunt
1211 1178 1370 1221 multi:
1407 1194 1529 1237 prae-

106 1250 261 1307 cipuos
300 1247 682 1292 considerabimus
717 1249 803 1308 (Ι)

192 1320 223 1362 Ι.
268 1319 507 1362 Voluntaria
542 1321 719 1364 traditio.
756 1347 807 1352 —-
844 1322 995 1363 Potest
1020 1321 1118 1378 quis
1143 1319 1277 1363 libera
1312 1321 1527 1364 electione

107 1405 232 1432 suam
269 1391 313 1432 in
348 1390 529 1434 alterius
583 1390 875 1433 commodum
914 1406 1093 1448 operam
1143 1389 1358 1446 addicere,
1394 1403 1442 1434 ut
1477 1407 1526 1434 ex

106 1462 403 1520 aequivalenti
439 1462 639 1506 mercede
675 1476 845 1520 recepta
881 1462 962 1505 sibi
998 1475 1223 1519 comparet
1250 1477 1310 1515 ea,
1336 1479 1448 1520 quae
1474 1462 1524 1506 ad

104 1536 237 1577 vitam
264 1547 367 1577 sunt
394 1537 650 1578 necessaria.
678 1536 772 1577 Hoc
798 1534 933 1578 modo
960 1534 1146 1577 habetur
1167 1536 1356 1577 servitus
1384 1534 1525 1577 volun-

102 1609 208 1650 taria
246 1623 322 1649 seu
365 1607 574 1650 ultronea:
611 1607 662 1650 de
703 1607 889 1650 liceitate
926 1607 1059 1649 liuius
1095 1605 1215 1649 modi
1251 1605 1525 1650 inducendae

104 1679 347 1734 servitutis,
372 1678 559 1722 dubium
586 1680 753 1721 nemini
779 1694 872 1720 esse
896 1691 1055 1736 potest.

191 1749 333 1792 Debet
357 1749 555 1807 profecto
581 1749 731 1793 adesse
750 1750 864 1792 iusta
890 1765 1017 1792 causa
1043 1748 1261 1792 alienandi
1289 1749 1370 1791 hoc
1397 1761 1524 1806 pacto

103 1837 228 1865 suam
280 1821 558 1864 libertatem:
598 1840 616 1861 «
654 1822 868 1879 alioquin,
904 1835 952 1864 ut
987 1820 1174 1863 advertit
1220 1822 1399 1863 Lessius
1434 1821 1522 1879 (2),

102 1906 215 1936 esset
251 1893 452 1950 profusio
489 1893 717 1947 libertatis,
758 1909 870 1950 quae
907 1893 1032 1935 bonis
1069 1891 1273 1934 fortunae
1308 1904 1349 1934 et
1384 1890 1523 1934 famae

103 1978 166 2008 est
193 1966 501 2022 praestantior.
526 1983 544 2005 »
568 1966 635 2007 Sic
662 1966 823 2007 iustam
850 1980 1026 2007 causam
1056 1963 1208 2005 habuit
1234 1979 1265 2007 s,
1292 1963 1522 2019 Paulinus,

104 2036 157 2079 de
191 2052 281 2094 quo
316 2037 509 2080 diximus
546 2052 635 2080 non
663 2037 806 2079 multo
842 2049 964 2079 ante:
1017 2051 1061 2077 se
1097 2034 1226 2077 vendi
1261 2035 1303 2076 in
1340 2050 1518 2077 servum

101 2107 258 2164 voluit,
295 2121 342 2151 ut
379 2107 523 2151 filium
560 2107 716 2150 viduae
753 2106 1003 2150 redimeret.
1040 2106 1272 2160 Ceterum,
1299 2104 1382 2147 hoc
1407 2104 1520 2147 valet

172 2328 228 2373 (ι)
255 2328 308 2362 De
336 2327 390 2363 his
413 2327 456 2363 cf.
476 2337 594 2363 rursus
624 2327 723 2362 louin
752 2338 786 2363 et
806 2327 940 2375 Meyer,
970 2326 1073 2363 elem.
1101 2326 1188 2373 phil.
1210 2337 1312 2362 mon:
1334 2325 1524 2373 Taparelli,

101 2385 225 2432 Saggio
255 2399 338 2430 ecc„
367 2397 399 2422 et
433 2387 509 2422 Civ.
542 2388 671 2421 Castol.
704 2387 724 2420 l.
755 2388 823 2421 ltlm
845 2389 901 2422 cit.

173 2447 229 2490 (2)
257 2447 324 2492 Op.
355 2447 411 2482 cit.
442 2446 461 2480 l.
492 2447 530 2480 ll.
560 2458 587 2481 c.
621 2457 647 2487 ς.
677 2445 755 2480 dub.
784 2458 815 2488 4.
