1705 2787
774 93 1032 123 -IOO—

196 186 347 231 culum
385 187 583 231 maritale
618 186 840 243 dirimere,
875 198 1024 230 tamen
1068 188 1112 243 ii,
1155 187 1231 246 qui
1274 186 1534 244 coniugium
1569 186 1614 230 in

196 257 391 302 officium
429 271 612 301 naturae
647 259 904 301 institutum
939 257 1225 314 contrahunt,
1259 269 1488 315 nequeunt
1520 257 1615 301 vin-

197 330 347 373 culum
404 331 604 373 maritale
649 330 786 373 semel
819 329 1080 372 adstrictum
1129 330 1311 387 proprio
1355 327 1538 372 arbitrio
1572 340 1614 372 et

196 417 417 444 consensu
453 401 637 444 solvere:
658 401 701 444 id
726 402 845 443 enim
870 413 1051 444 naturae
1070 400 1391 458 praeiudicium
1426 400 1612 443 afferret.

196 472 499 516 Aliis-verbis:
542 472 607 515 lex
642 472 853 515 naturalis
889 487 979 514 non
1017 483 1147 528 negat
1172 472 1433 527 coniugium
1467 469 1613 528 quoad

196 544 425 586 vinculum
461 543 618 586 subiici
653 545 750 587 Deo
785 544 968 600 eiusque
994 543 1264 585 rectissimae
1284 542 1517 597 voluntati,
1540 540 1616 583 sed

197 628 328 671 negat
362 615 519 658 subiici
553 615 774 659 voluntati
817 617 1019 673 ipsorum
1073 615 1452 670 contrahentium,
1503 628 1614 672 quae

196 686 421 729 mutabilis
456 699 521 729 est
555 699 595 729 et
630 688 772 744 pravis
807 687 967 743 agitata
993 685 1322 742 cupiditatibus:
1350 702 1441 728 non
1466 684 1612 728 exclu-

196 757 257 800 dit
274 757 595 800 solubilitatem
615 759 889 801 extrinsecam
913 757 987 801 sed
1007 758 1155 801 solum
1174 759 1451 801 intrinsecam,
1466 759 1615 816 Appo-

195 831 276 872 site
311 830 472 873 Suarez
497 830 583 889 (1):
622 848 642 871 «
679 832 894 875 Recessus
929 846 951 873 a
985 832 1161 888 propria
1196 846 1332 873 uxore
1351 830 1498 888 quoad
1521 832 1616 874 vin-

196 902 362 957 culum,
397 914 552 945 contra
586 903 784 945 naturale
818 915 1101 960 praeceptum
1136 915 1215 958 est,
1241 904 1342 960 quia
1360 904 1405 946 in
1431 902 1613 945 homine

196 990 286 1016 non
321 986 386 1016 est
420 987 614 1031 potestas
649 974 849 1032 privandi
898 975 1087 1018 alterum
1132 974 1334 1018 dominio
1379 976 1615 1032 acquisito,

197 1046 328 1088 etiam
364 1045 439 1088 illo
473 1046 664 1090 volente.
699 1047 820 1090 Deus
855 1058 1003 1089 autem
1039 1045 1169 1089 habet
1193 1045 1303 1088 hanc
1328 1058 1610 1103 potestatem,

196 1129 237 1159 et
282 1116 381 1160 ideo
416 1129 562 1174 potest
611 1126 765 1160 mutare
813 1120 1025 1160 materiam
1074 1117 1189 1161 illius
1226 1117 1349 1174 legis,
1384 1128 1425 1159 et
1460 1132 1614 1159 conse-

196 1201 382 1245 quenter
416 1187 556 1231 facere
591 1201 638 1232 ut
673 1202 810 1232 cesset
845 1188 1056 1246 obligatio
1080 1190 1175 1231 eius
1217 1190 1303 1232 sine
1347 1189 1613 1246 dispensatio-

195 1275 242 1302 ne
276 1259 362 1318 (2):
399 1295 407 1303 .
443 1296 452 1303 .
488 1295 496 1303 .
533 1295 541 1303 .
578 1262 827 1304 Dissolutio
865 1261 1142 1303 matrimonii
1178 1276 1269 1303 non
1304 1260 1403 1303 licet
1437 1260 1614 1317 propria

195 1332 471 1387 auctoritate,
505 1332 606 1389 quia
640 1347 730 1374 non
767 1344 955 1389 possunt
991 1332 1147 1388 privati
1181 1330 1321 1374 facere
1356 1347 1433 1373 sua
1457 1342 1608 1373 aucto-

196 1402 323 1444 ritate
357 1401 534 1459 aliquid,
569 1403 673 1460 qnod
707 1403 806 1446 cedit
840 1404 879 1445 in
900 1402 1211 1460 praeiudicium
1245 1411 1429 1445 naturae.
1483 1401 1614 1444 Unde

197 1473 241 1514 in
277 1472 350 1514 tali
385 1485 619 1530 praecepto
654 1474 932 1530 intelligitur,
997 1481 1161 1530 excepta
1209 1474 1428 1516 auctoritas
1462 1473 1542 1515 Dei
1576 1481 1615 1515 at

195 1544 371 1585 auctoris
407 1551 590 1586 naturae:
625 1543 814 1601 ideoque
839 1542 1016 1601 quando
1040 1544 1111 1586 ille
1131 1542 1247 1586 aliud
1271 1543 1496 1601 praecipit,
1521 1558 1613 1585 non

196 1624 260 1654 est
285 1611 570 1670 dispensatio,
604 1613 679 1656 sed
714 1613 964 1657 observatio
999 1614 1218 1671 praecepti
1252 1614 1372 1656 iuxta
1396 1612 1614 1656 conditio-

197 1700 300 1727 nem
335 1700 468 1743 quam
503 1684 690 1729 includit
724 1684 796 1744 (3)
824 1703 860 1729 )).

267 1881 318 1925 (1)
346 1883 401 1916 De
428 1881 496 1928 leg.
524 1881 544 1917 l.
572 1883 614 1917 Π.
641 1895 669 1918 c.
697 1885 776 1919 XV.
802 1896 899 1918 num.
928 1883 982 1918 28.

269 1943 315 1984 (2)
344 1943 465 1983 Quare
493 1942 621 1977 locum*
639 1943 747 1978 habet
773 1944 924 1979 mutatio
951 1955 1023 1977 non
1036 1942 1200 1988 formalis
1218 1941 1281 1975 sed
1301 1940 1491 1975 materialis
1510 1939 1610 1986 legis,

197 2000 217 2034 i.
246 2012 276 2034 e.
304 2012 376 2034 non
405 2013 446 2035 ex
473 2012 571 2047 parte
599 2003 709 2048 ipsius
736 2002 837 2049 legis,
865 2002 927 2037 sed
957 2014 998 2037 ex
1024 2011 1122 2047 parte
1149 2001 1320 2036 materiae
1347 1999 1447 2046 legis.

268 2062 317 2104 (3)
347 2061 393 2094 Ut
421 2062 585 2107 exemplo
614 2063 732 2108 aliquo
760 2074 837 2097 rem
874 2061 1101 2104 illustremus,
1140 2061 1185 2095 sit
1211 2060 1380 2095 tributum
1408 2059 1551 2105 aliquod
1578 2059 1614 2093 in

198 2120 332 2154 bonum
360 2133 422 2155 seu
450 2121 609 2156 officium
647 2123 820 2168 Principis
860 2121 1064 2156 stabilitum.
1103 2121 1222 2155 Nemo
1263 2131 1304 2153 ex
1334 2119 1468 2153 civibus
1495 2126 1615 2164 potest

198 2182 342 2226 proprio
370 2183 513 2216 arbitrio
541 2194 673 2227 negare
701 2182 785 2216 illud
812 2183 998 2217 tributum:
1027 2181 1109 2226 quia
1135 2180 1170 2213 id
1197 2179 1342 2213 cederet
1368 2179 1402 2212 in
1431 2178 1614 2223 praeiudi-

198 2239 291 2273 cium
321 2241 503 2285 l‘rincipis.
531 2242 600 2274 Sed
628 2250 746 2286 potest
773 2242 942 2285 Princeps
976 2240 1131 2274 eximere
1158 2239 1273 2273 civem
1313 2237 1467 2283 aliquem
1494 2249 1513 2271 a
1540 2236 1613 2271 sol-

197 2299 316 2333 vendo
340 2301 484 2342 tribum,
518 2301 688 2335 damnum
716 2300 811 2343 illud,
839 2300 935 2346 quod
967 2299 1093 2334 exinde
1113 2299 1253 2344 patitur,
1279 2296 1509 2343 negligendo.
1536 2297 1612 2331 Nec

197 2358 277 2392 talis
305 2360 483 2403 exemptio
513 2360 577 2394 erit
604 2360 745 2405 proprie
773 2359 953 2405 loquendo
982 2358 1199 2403 dispensatio
1227 2356 1338 2401 legis:
1374 2355 1550 2400 siquidem
1576 2355 1612 2388 in

198 2417 276 2461 lege
317 2418 593 2464 subintelligitur
634 2420 795 2466 exceptio
835 2419 934 2462 haec,
963 2419 1030 2453 nisi
1056 2430 1094 2452 ex
1118 2417 1290 2463 Principis
1327 2415 1531 2450 anctoritate
1556 2425 1612 2450 seu

201 2477 335 2512 Il't‘t'lllfu'
357 2477 434 2525 fids.
