1705 2787
809 103 1070 159 *134*-

230 210 417 266 iudicia,
452 210 715 267 iurisdictio,
752 210 837 255 side
856 227 889 267 S,
916 211 1184 269 provinciae,
1207 212 1332 268 socii,
1355 210 1530 270 imperii
1563 210 1657 257 laus

227 299 293 327 res
327 284 546 335 militaris,
583 284 864 326 aerarium.»

322 359 416 413 156,
453 357 697 400 Senomou.
733 357 795 399 Ex
829 357 896 413 iis,
930 372 1041 415 quae
1075 355 1127 400 de
1163 356 1336 413 origine
1378 356 1568 400 materia
1601 372 1647 399 ac

224 428 311 471 sine
345 428 567 471 societatis
604 428 742 471 civilis
777 427 990 471 hactenus
1025 427 1374 486 disputavimus,
1426 426 1649 472 definitio-

227 514 301 542 nes
337 498 486 554 colligi
519 509 709 555 possunt
742 509 838 541 tum
872 499 1046 541 civitatis
1081 510 1186 541 tum
1220 506 1361 541 status.

342 570 373 613 Ι.
409 569 531 623 Quid
565 582 629 612 est
663 571 848 614 civitas?
884 570 1065 626 Civitas,
1115 570 1177 612 ait
1217 568 1527 628 Philosophus
1561 569 1651 630 (1),

229 653 293 683 est
327 656 543 698 generum
577 654 619 684 et
656 657 875 699 pagorum
911 641 1174 684 communio
1206 641 1320 683 vitae
1355 641 1571 699 perfectae
1605 653 1647 685 et

226 711 516 756 sufficientis:
570 716 684 765 πόλις
726 717 769 757 δὲ
800 717 826 771 ἡ
859 723 988 770 γενῶν
1033 716 1102 756 καὶ
1133 722 1284 770 κωμῶν
1316 716 1506 758 κοινωνία
1536 717 1644 773 ζωῆς

225 787 379 837 τελείοις
426 789 495 829 καὶ
527 788 766 843 αὐτάρκους.
818 786 869 828 Et
920 785 1051 843 paulo
1085 797 1185 827 ante
1220 783 1306 843 (2):
1343 785 1427 829 Cui
1461 784 1648 831 facultas

225 853 413 898 habendi
448 866 616 912 partem
642 855 684 898 in
711 855 899 911 imperio
925 853 1213 898 deliberativo
1233 867 1274 897 et
1294 853 1501 909 iudiciali,
1526 854 1643 899 hunc

225 927 425 983 apprime
461 924 650 969 dicimus
684 942 778 968 esse
813 926 956 968 civem
1012 926 1131 969 illius
1181 926 1385 982 civitatis,
1419 926 1647 969 civitatem

223 1012 329 1040 vero
363 1012 459 1041 eam
504 996 844 1040 multitudinem
894 997 1052 1040 talium
1103 996 1357 1051 hominum,
1407 1011 1518 1054 quae
1567 1012 1642 1054 par

233 1070 287 1113 sit
321 1067 372 1112 ad
406 1067 719 1112 sufficientiam
753 1069 881 1124 vitae,
917 1080 964 1111 ut
998 1069 1261 1125 simpliciter
1307 1067 1464 1112 dicam:
1500 1069 1532 1126 ᾧ
1566 1073 1642 1126 γὰρ

224 1143 387 1193 ἐξουσία
434 1149 643 1184 κοινωνεῖν
692 1145 820 1198 ἀρχῆς
868 1135 1130 1197 βουλὲυτικῆς
1178 1143 1205 1197 ἣ
1251 1149 1443 1197 κριτικῆς,
1479 1142 1646 1197 πολίτην

223 1215 300 1268 ἤδη
334 1214 505 1269 λέγομεν
538 1212 637 1255 εἶναι
669 1214 816 1268 ταύτης
849 1221 919 1268 τῆς
942 1212 1113 1264 πόλεως,
1137 1213 1252 1255 πόλιν
1276 1214 1320 1255 δὲ
1341 1215 1385 1254 τὸ
1408 1220 1488 1254 τῶν
1510 1212 1640 1254 τοιού-

223 1299 302 1325 των
336 1284 489 1338 πλῆθος
524 1284 660 1325 ἱκανὸν
692 1286 790 1338 πρὸς
823 1284 1067 1337 αὐτάρκειαν
1102 1284 1224 1338 ζωῆς,
1260 1283 1313 1332 ὡς
1339 1282 1479 1332 ἁπλῶς
1509 1283 1649 1324 εἰπεῖν·

312 1354 462 1411 Itaque
498 1354 647 1395 civitas
683 1364 749 1394 est
780 1350 1024 1395 multitudo
1061 1352 1300 1395 hominum
1335 1351 1403 1394 sui
1427 1351 1534 1397 iuris
1558 1367 1634 1394 seu

220 1424 503 1481 familiarum,
538 1423 588 1468 ad
623 1425 906 1468 securitatem
941 1439 1000 1467 ac*
1023 1423 1260 1482 perfectam
1283 1424 1395 1467 vitae
1420 1422 1640 1468 sufficien-

224 1498 330 1540 tiam
364 1495 652 1540 obtinendam
677 1495 764 1554 (3),
800 1497 1065 1540 consociata.

339 1569 391 1611 II.
427 1567 549 1622 Quid
583 1580 731 1611 autem
766 1580 830 1611 est
864 1571 1024 1612 status?
1057 1568 1205 1611 Status
1246 1579 1310 1610 est
1343 1567 1415 1610 illa
1449 1567 1627 1625 politica

223 1640 427 1695 societas,
461 1655 571 1697 quae
596 1655 685 1682 non
705 1652 770 1682 est
794 1638 1050 1682 membrum
1074 1639 1270 1694 alterius,
1289 1637 1363 1682 sed
1383 1650 1448 1681 est
1468 1654 1629 1696 corpus

221 1726 296 1768 per
330 1712 535 1769 seipsam,
570 1726 679 1769 quae
705 1727 793 1756 non
819 1723 883 1754 est
908 1726 1006 1768 pars
1031 1710 1257 1754 ulterioris
1284 1711 1638 1766 communitatis,

221 1779 295 1824 sed
330 1793 396 1824 est
429 1793 576 1824 totum
611 1780 716 1839 quid
752 1781 878 1838 plene
913 1780 995 1824 sibi
1029 1779 1251 1824 sufficiens
1298 1792 1339 1823 et
1372 1780 1417 1822 in
1452 1779 1636 1838 politico

223 1852 378 1896 ordine
412 1853 729 1910 independens,
756 1854 803 1896 E.
828 1870 868 1910 g.
895 1854 1037 1897 Roma
1059 1864 1135 1895 aut
1158 1852 1336 1895 Lutetia
1360 1852 1640 1898 Parisiorum

221 1934 327 1965 sunt
360 1921 541 1981 quidem
575 1923 786 1978 civitates,
823 1939 913 1966 non
948 1935 1096 1965 tamen
1131 1933 1236 1965 sunt
1269 1933 1425 1978 status,
1446 1921 1521 1965 sed
1541 1937 1639 1980 pars

224 2005 377 2037 status.
413 1994 578 2037 Civitas
614 1995 748 2052 igitur
784 1994 913 2037 latius
938 2005 1056 2051 patet
1080 2008 1213 2051 quam
1237 2004 1392 2036 status.
1413 1994 1495 2036 Hic
1519 1994 1639 2038 enim

223 2079 355 2121 supra
388 2066 608 2108 civitatem
644 2065 748 2109 dicit
797 2065 1213 2124 tranquillissimam
1266 2065 1550 2111 securitatem
1586 2063 1638 2107 ab

294 2269 350 2313 (1)
377 2268 480 2304 Polit.
509 2269 530 2304 l.
557 2270 614 2304 111.
643 2282 672 2304 c.
702 2282 731 2314 5.
767 2283 867 2307 num.
900 2281 951 2314 14.

296 2329 353 2373 (2)
380 2329 418 2364 L.
444 2330 501 2364 cit.
527 2341 603 2375 cap.
630 2331 654 2365 1.
681 2342 779 2366 num.
800 2332 832 2366 8.
861 2330 916 2367 Cf.
944 2342 1062 2377 super.
1090 2342 1172 2377 pag.
1192 2329 1266 2375 176.

295 2387 352 2433 (3)
371 2388 460 2423 Hoc.
476 2399 583 2434 saepe
602 2398 726 2425 monet
742 2390 984 2436 Philosophus
1003 2390 1229 2436 (praesertim
1249 2388 1270 2424 l.
1289 2391 1347 2424 cit.
1361 2401 1436 2435 cap.
1454 2400 1533 2434 5.n.
1554 2389 1636 2434 11.).

227 2447 409 2482 civitatem
435 2459 509 2482 non
535 2459 614 2482 esse
641 2460 777 2483 meram
815 2462 1010 2494 συμμαχιαν
1035 2450 1058 2485 i.
1086 2461 1116 2485 e.
1144 2458 1283 2484 meram
1321 2450 1539 2485 societatem
1572 2459 1636 2484 seu

226 2505 584 2543 confoederationem
612 2507 692 2544 belli
720 2520 838 2545 causa.
