1705 2787
702 80 753 88 ᾖ
882 79 933 88 ——a

792 73 843 114 77

106 164 378 223 comparatio
401 166 516 207 inter
541 166 842 221 virginitatem
867 180 913 207 ac
939 163 1202 207 caelibatum
1223 180 1275 206 ex
1296 175 1380 206 una
1406 174 1526 220 parte

106 249 147 279 et
171 252 223 279 ex
244 236 325 279 alia
348 247 470 293 parte
494 237 834 278 matrimonium
860 235 1119 292 simpliciter
1144 234 1270 293 (cum
1298 234 1379 276 hoc
1406 236 1526 277 enim

104 319 250 365 potest
284 307 526 349 consistere
560 307 790 363 virginitas
825 306 1125 364 perfectioque
1150 305 1428 364 caelibatus),
1452 305 1527 348 sed

104 381 251 437 ipsum
275 379 553 421 matrimonii
576 394 708 421 usum
733 394 808 421 seu
829 391 991 434 actum,
1017 380 1091 436 qui
1107 379 1382 435 ceteroquin,
1404 390 1450 420 ut
1469 377 1528 420 di-

104 450 265 505 ximus,
299 449 444 491 licitus
479 459 543 490 est
577 460 709 505 atque
745 447 974 491 honestus.

193 521 408 576 Iamvero,
434 519 553 561 hisce
586 531 777 576 quatuor
797 520 1084 576 praestitutis,
1103 520 1163 561 sic
1187 520 1415 577 arguimus
1440 519 1527 580 (1).

103 590 180 633 Ille
214 602 368 645 status,
387 591 433 632 in
452 604 541 647 quo
559 590 741 646 spiritus
766 590 885 632 carni
919 589 1177 646 praefertur,
1211 592 1254 633 in
1291 607 1379 648 quo
1415 590 1528 633 bona

106 662 282 719 propria
316 660 512 704 hominis
536 672 670 718 prout
694 662 919 703 rationalis
945 674 1009 704 est
1033 675 1344 719 procurantur,
1371 664 1413 705 in
1439 679 1528 720 quo

104 734 292 776 virtutes
326 745 507 791 propter
542 734 927 790 concupiscentiae
962 734 1335 791 impedimentum
1361 735 1528 779 difficil-

106 804 236 847 limae
270 816 546 859 exercentur,
570 804 615 846 in
641 820 730 861 quo
766 803 865 846 sinis
890 803 1196 848 nobilissimus
1231 808 1306 863 qui
1332 819 1396 849 est
1422 808 1528 849 unio

106 878 278 920 animae
312 892 413 919 cum
438 877 534 919 Deo
569 888 714 933 potest
749 892 824 934 per
858 893 903 918 se
938 877 1109 934 plenius
1140 877 1346 935 obtineri,
1372 881 1416 921 in
1440 895 1528 937 quo

106 947 270 991 idcirco
304 948 579 1005 generositas
613 948 751 990 animi
785 960 826 990 et
860 948 1124 1005 magnitudo
1163 950 1428 1007 resplendet,
1464 963 1529 993 est

105 1017 341 1076 perfectior
376 1034 423 1061 ac
459 1018 626 1062 beatior
661 1034 712 1061 eo
746 1031 878 1075 statu,
914 1021 957 1061 in
993 1036 1081 1077 quo
1116 1021 1381 1064 animalibus
1417 1021 1528 1065 desi-

105 1090 236 1134 deriis
271 1090 399 1134 datur
434 1106 565 1149 opera
609 1103 650 1133 et
698 1104 996 1148 procurantur
1032 1108 1079 1134 ea
1119 1108 1229 1150 quae
1269 1095 1525 1136 communia

106 1175 208 1205 sunt
243 1162 398 1218 brutis,
432 1164 477 1205 in
512 1178 601 1221 quo
639 1164 1024 1220 concupiscentiae
1074 1166 1156 1206 etsi
1205 1166 1318 1208 intra
1353 1165 1527 1208 debitos

102 1234 265 1277 limites
301 1234 349 1277 fit
382 1236 500 1291 satis,
535 1236 579 1277 in
619 1250 708 1292 quo
744 1236 821 1277 uni
856 1236 951 1278 Deo
990 1251 1141 1278 vacare
1179 1237 1355 1293 speciali
1391 1237 1526 1279 modo

102 1321 193 1348 non
226 1306 340 1349 licet.
361 1307 498 1364 Atqui
522 1307 692 1364 priores
727 1306 840 1360 illae,
861 1322 967 1364 quas
993 1309 1370 1364 enumeravimus,
1396 1307 1522 1351 dotes

103 1389 367 1434 competunt
401 1378 535 1420 statui
568 1378 834 1434 virginitatis
870 1393 915 1420 ac
951 1378 1202 1435 caelibatus,
1238 1380 1365 1436 eique
1400 1395 1521 1422 com-

104 1461 261 1506 petunt
294 1464 396 1506 prae
429 1460 545 1491 statu
582 1449 818 1506 coniugali.
846 1450 963 1505 Ergo
998 1462 1137 1492 status
1172 1451 1439 1506 virginitatis
1477 1466 1523 1492 ac

104 1519 340 1562 caelibatus
375 1532 439 1562 est
473 1521 606 1562 statui
641 1521 862 1577 coniugali
899 1520 1227 1577 praeferendus.
1267 1539 1284 1560 α
1314 1523 1394 1563 Per
1425 1537 1528 1563 con-

103 1591 354 1646 tinentiam,
389 1591 446 1632 ait
471 1606 503 1632 S.
525 1590 725 1633 Thomas
751 1590 838 1648 (Δ),
875 1591 1011 1633 homo
1038 1590 1234 1633 redditur
1262 1591 1447 1634 habilior
1474 1591 1525 1634 ad

105 1661 268 1703 mentis
312 1661 606 1704 elevationem
654 1663 699 1704 in
734 1663 977 1719 spiritualia
1023 1675 1064 1703 et
1115 1661 1275 1717 divina,
1311 1675 1353 1704 et
1387 1662 1526 1720 quod-

105 1731 315 1775 ammodo
339 1748 470 1790 supra
494 1745 658 1776 statum
684 1733 879 1776 hominis
916 1735 1097 1790 ponitur
1122 1735 1164 1776 in
1190 1733 1378 1791 quadam
1405 1735 1527 1777 simi-

103 1804 290 1849 litudine
325 1806 603 1863 angelorum.
642 1824 662 1847 »

196 1878 335 1919 Porro
371 1876 486 1921 idem
511 1894 544 1920 S.
570 1880 739 1921 Doctor
765 1880 925 1921 merito
963 1878 1064 1920 liaec
1100 1877 1217 1921 addit
1237 1877 1333 1936 (3):
1363 1895 1380 1918 ‹<
1404 1878 1529 1921 Nihil

105 2062 282 2096 personae
301 2063 373 2085 non
396 2060 448 2086 est
468 2051 648 2086 sufficiens
678 2061 927 2095 argumentum
958 2053 999 2086 ad
1019 2052 1278 2097 perfectionem
1304 2063 1426 2094 statuS,
1447 2065 1526 2087 cum

107 2109 231 2155 aliquis
257 2109 458 2155 perfectiori
488 2119 608 2144 niente
636 2111 748 2155 possit
788 2112 834 2144 uti
864 2111 990 2143 minori
1021 2112 1115 2144 bono
1144 2124 1248 2156 quam
1285 2112 1371 2146 alius
1400 2113 1526 2145 maiori

104 2169 203 2202 bono
231 2168 484 2214 imperfectiori
515 2179 646 2203 mente.
674 2170 756 2202 Non
786 2170 890 2212 igitur
912 2171 991 2213 quia
1016 2171 1196 2203 Abraham
1225 2171 1281 2205 vel
1299 2172 1445 2217 Moyses
1467 2171 1528 2205 suit

105 2228 297 2274 perfectior
322 2229 454 2271 multis,
483 2230 540 2275 qui
570 2230 827 2263 continentiam
858 2240 1011 2267 servant,
1039 2240 1183 2275 propter
1216 2231 1284 2265 lioc
1313 2241 1423 2266 status
1451 2244 1529 2265 ma·-

106 2290 263 2324 trimonii
292 2298 346 2324 est
372 2289 563 2335 perfectior
586 2302 692 2334 quam
720 2299 831 2323 status
860 2292 1101 2325 continentiae
1128 2291 1183 2325 vel
1214 2293 1243 2325 ei
1274 2292 1442 2337 aequalis.
1463 2308 1477 2323 ι»

180 2352 226 2393 (Ι)
252 2351 345 2384 Vide
373 2350 552 2388 Palmieri,
580 2362 638 2395 op.
667 2359 699 2383 et
728 2350 819 2383 thes.
848 2362 929 2395 nup.
958 2351 1015 2385 cit.

178 2410 234 2455 (2)
263 2411 386 2446 Contr.
415 2420 510 2455 gent.
540 2410 604 2444 loc.
633 2422 724 2443 nnnc
752 2411 807 2444 cit.
842 2430 884 2435 -—
916 2410 967 2444 (js.
1011 2412 1118 2445 etiam
1149 2422 1176 2445 2.
1208 2422 1236 2445 2.
1268 2424 1298 2457 q.
1334 2422 1407 2455 152.
1438 2424 1466 2446 a.
1496 2421 1526 2453 4,

180 2472 236 2518 (3)
264 2472 387 2507 Contr.
417 2482 512 2518 gent.
542 2471 560 2505 l.
590 2472 647 2505 ΙΙΙ.
679 2483 752 2516 cap.
788 2470 860 2516 1343.
