1705 2787
781 81 1041 135 *176*

209 183 298 228 sint
331 180 537 240 familiae,
573 197 704 241 prout
738 200 952 242 personae
991 197 1095 228 sunt
1145 183 1350 240 morales,
1393 195 1622 241 quumque

211 255 523 314 paterfamilias
558 256 612 297 sit
647 254 733 310 ille,
768 256 842 312 qui
876 255 1059 299 iuridice
1092 257 1137 298 in
1174 271 1218 297 se
1243 250 1622 312 repraesentatfa-

213 328 396 383 miliam,
431 327 557 369 cuius
604 338 733 383 caput
782 337 847 369 est
901 339 942 369 et
976 339 1134 379 rector;
1179 326 1281 368 hinc
1315 323 1546 382 simpliciter
1581 334 1623 365 et

211 398 344 439 slriclo
378 411 497 438 sensu
534 396 714 437 nonnisi
750 395 1084 452 patresfamilias
1117 407 1221 438 sunt
1254 396 1374 438 cives.
1410 392 1477 436 Ad
1500 407 1624 435 men-

212 480 300 509 tem
336 465 590 508 Aristotelis
615 464 703 522 (1),
728 466 832 507 civis
857 478 921 508 est
941 465 1026 521 ille,
1051 466 1126 522 qui
1160 476 1305 521 potest
1339 463 1624 519 magistratus

210 536 261 578 ad
297 534 646 578 consultandum
673 547 714 577 ct
750 534 1033 578 iudicandum
1068 535 1329 591 pertinentis
1364 548 1458 574 esse
1491 532 1623 589 parti-

211 622 324 663 ceps:
352 607 382 663 ᾧ
406 610 483 662 γὰρ
518 607 680 657 ἐξουσία
713 615 920 649 κοινωνεῖν
953 609 1080 663 ἀρχῆς
1103 608 1363 663 βουλευτικῆς
1385 607 1410 660 ἢ
1432 612 1625 660 κριτικῆς,

210 680 377 735 tuM-ast
409 680 486 734 ἤδη
522 678 696 734 λέγομεν
728 678 828 720 εἶναι
851 680 998 734 ταύτης
1021 686 1091 733 τῆς
1112 678 1284 727 πόλεως.
1310 701 1362 705 -
1383 674 1553 717 Verum
1578 684 1625 716 ut

210 746 565 806 patresfamiliaS,
614 762 691 789 seu
743 759 789 789 ut
845 746 1049 789 homines
1094 747 1162 788 sui
1195 746 1318 801 iuris,
1353 759 1443 787 non
1478 743 1625 786 solum

211 817 400 862 habendi
434 830 539 861 sunt
576 817 652 873 illi,
687 819 763 875 qui
796 830 894 860 actu
928 817 1057 860 alicui
1089 816 1277 859 familiae
1302 826 1526 873 praesunt,
1550 812 1626 856 sed

212 891 345 932 etiam
379 888 455 944 illi,
491 889 566 945 qui
590 886 641 930 ad
677 903 772 930 eam
807 899 1107 944 pervenerunt
1140 899 1343 941 aetatem,
1368 886 1412 928 in
1438 885 1625 942 quaiam

212 972 276 1003 cst
291 959 492 1002 educatio
513 958 748 1015 completa,
783 958 1095 1001 iam‘naturalis
1115 955 1371 1015 parentibus
1406 954 1625 998 subiectio

211 1031 353 1086 desiit,
387 1032 446 1073 ita
480 1042 528 1072 ut
561 1031 648 1072 iam
682 1043 864 1087 possent
888 1028 1261 1086 independentem
1286 1027 1497 1070 familiam
1517 1040 1622 1068 con-

211 1105 395 1146 stituere
414 1102 500 1161 (2).

332 1175 385 1216 H.
422 1173 591 1216 Civitas
625 1173 760 1229 igitur
797 1185 861 1214 est
895 1173 1080 1214 societas
1114 1172 1330 1229 composita
1353 1182 1395 1212 et
1417 1169 1627 1226 organica.

212 1246 286 1289 Illa
319 1246 506 1288 societas
542 1243 702 1287 dicitur
738 1245 959 1300 organica,
993 1258 1103 1300 quae
1138 1241 1392 1285 immediate
1417 1256 1508 1283 non
1527 1254 1626 1282 coa-

216 1317 338 1359 lescit
372 1312 628 1368 individuis,
663 1311 737 1355 sed
771 1312 1108 1370 particularibus
1134 1309 1418 1354 societatibus
1444 1309 1626 1367 proprio

214 1388 315 1443 sine,
350 1385 521 1441 mediis,
556 1385 776 1427 activitate
811 1383 1032 1441 praeditis.
1068 1385 1205 1442 Atqui
1239 1396 1287 1426 ut
1321 1398 1373 1425 ex
1408 1381 1485 1424 hac
1511 1381 1626 1424 thesi

214 1472 345 1516 patet,
379 1457 476 1500 talis
513 1469 576 1498 est
611 1457 776 1498 civitas.

305 1531 363 1573 Ut
400 1528 655 1572 hicsocialis
682 1529 966 1584 organismus
985 1527 1056 1586 (3)
1077 1529 1219 1585 magis
1238 1538 1457 1584 appareat,
1477 1525 1629 1570 adver—

214 1615 330 1646 tatur
366 1601 574 1644 socialem
610 1600 920 1656 organismum
956 1615 1083 1657 posse
1117 1598 1350 1656 dupliciter
1401 1613 1629 1654 exurgere,

214 1673 281 1716 vel
307 1682 381 1731 per
416 1672 630 1730 svnthcsim
667 1687 742 1713 seu
779 1686 853 1728 per
905 1671 1019 1713 viam
1071 1670 1426 1727 compositioniS,
1460 1669 1528 1711 vel
1554 1677 1629 1726 per

285 1882 341 1926 (1)
369 1881 509 1915 Politic.
537 1880 558 1914 l.
586 1879 644 1913 ΙΙΙ.
673 1890 700 1913 c.
732 1888 760 1912 1.
788 1877 880 1911 'Vide
908 1888 1024 1922 super.
1053 1887 1133 1922 pag.
1164 1887 1240 1923 129.

287 1944 331 1981 (2)
361 1942 496 1974 Idcirco
525 1941 558 1972 in
586 1939 734 1972 theseos
763 1937 1014 1971 emim-tatione
1042 1936 1239 1981 diciturper
1251 1946 1293 1968 se.
1317 1934 1422 1967 «Nos
1442 1933 1631 1978 loquimur,

215 2010 252 2035 ut
279 2009 380 2034 notat
408 2000 627 2039 Liberatore,
657 1998 710 2030 ius
739 2008 810 2030 soc.
838 2008 873 2029 11.
898 2006 965 2041 49.,
994 1996 1036 2028 de
1066 2006 1108 2028 eo
1136 1994 1230 2039 quod
1259 2002 1310 2027 cst
1332 1999 1393 2039 per
1418 2004 1460 2034 se,
1488 2003 1560 2025 non
1587 1992 1630 2026 de

216 2073 259 2094 co
288 2052 381 2105 quod
412 2068 466 2093 est
488 2065 550 2104 pez·
579 2057 743 2092 accidens.
785 2057 960 2097 Iamvero,
994 2066 1056 2099 per
1083 2066 1119 2088 se
1148 2055 1295 2099 quisque
1323 2054 1408 2087 civis
1435 2053 1469 2086 in
1497 2051 1631 2086 familia

218 2119 333 2164 aliqua
361 2119 457 2159 vivit,
488 2127 521 2151 et
550 2117 592 2151 ad
622 2116 792 2150 familiam
821 2115 976 2160 aliquam
1004 2115 1166 2159 pertinet.
1195 2114 1303 2155 Quod
1330 2113 1358 2145 si
1385 2124 1447 2157 per
1467 2112 1631 2146 accidens

215 2178 351 2213 familia
381 2177 589 2211 destituitur
617 2186 650 2210 ct
678 2184 861 2219 separatus
901 2174 1049 2207 omnino
1088 2173 1196 2217 degit.
1222 2172 1255 2205 id
1282 2172 1430 2204 minime
1456 2171 1632 2216 prohibet,

217 2237 410 2281 quominus
439 2244 577 2280 partem
607 2234 800 2268 constituat
826 2232 992 2278 politicae
1021 2232 1213 2273 societatis,
1242 2240 1277 2265 et
1303 2231 1388 2264 civis
1417 2241 1541 2264 revera
1567 2229 1632 2263 lia—-

216 2294 350 2328 beatur.
377 2309 392 2325 »

309 2353 364 2397 (3)
393 2353 567 2397 Apposite
596 2352 813 2393 Liberatore,
841 2352 893 2385 ius
921 2362 994 2385 soc.
1010 2362 1106 2384 num.
1127 2360 1192 2393 5o.:
1222 2362 1237 2379 «
1263 2349 1304 2383 111
1322 2349 1391 2383 hoc
1418 2349 1633 2394 organismus

221 2423 239 2447 a
267 2412 489 2447 mcclicmismo
518 2411 646 2453 differt,
675 2412 771 2456 quod
798 2411 853 2444 hic
893 2410 1081 2444 materiam
1114 2410 1262 2444 assumit
1299 2409 1570 2455 homogeneam
1597 2416 1630 2442 et

219 2483 363 2518 prorsus
406 2472 572 2511 inertem,
602 2481 752 2516 eamque
780 2470 972 2506 artificiose
999 2470 1155 2514 disponit
1183 2470 1224 2504 ad
1251 2481 1350 2504 mere
1379 2470 1628 2515 exequendum
