1705 2787
41 179 46 182 ·
94 158 170 217 qui
188 155 245 201 ob
265 156 582 200 accidentalem
607 157 727 200 hunc
761 156 983 212 effectum,
1007 154 1136 197 vellet
1160 154 1370 211 potestati
1395 153 1512 196 civili

95 231 262 287 eripere
276 230 344 272 ius
358 228 492 286 gladii
506 241 580 271 aut
595 230 688 272 eius
704 229 965 271 exercitium
980 225 1160 269 reddere
1176 225 1367 268 nullum.
1383 224 1516 267 Tunc

93 293 215 344 enim
249 299 396 343 multo
430 299 757 358 frequentiores
807 311 955 341 essent
993 297 1146 340 caedes
1200 297 1515 339 innocentium

87 373 324 416 'virorumz
361 386 525 429 eaeque
553 379 628 428 per
664 386 703 413 sa
738 387 788 413 ex
822 371 938 413 illius
975 370 1083 411 iuris
1133 366 1306 410 defectu
1367 367 1510 409 exori-

94 457 263 488 rentur.
298 444 415 503 Qixi,
442 451 518 500 per
551 457 615 485 se:
653 443 878 484 orirentur
914 442 1035 483 enim
1071 455 1122 482 ex
1156 438 1327 482 defectu
1363 438 1516 493 fraeni,

96 530 185 573 quo
219 513 375 557 nefarii
409 513 618 556 homines
654 514 783 555 unice
819 514 1000 556 retineri
1036 523 1225 568 possunt
1248 510 1300 552 ab
1325 511 1517 553 aliorum

96 588 260 630 civium
293 587 381 629 vita
414 586 566 643 inique
590 584 857 641 impetenda.
884 585 984 627 Non
1010 595 1214 640 ageretur
1239 584 1325 624 iam
1350 582 1402 625 de
1427 597 1517 624 uno

96 659 165 702 vel
198 658 336 701 altero
370 658 610 700 innocente
644 658 754 712 viro,
774 658 901 699 cuius
936 657 1022 699 vita
1048 655 1292 697 sententiae
1317 653 1519 696 iudicum

95 729 346 773 fallibilium
371 728 590 772 subiacet:
612 728 687 771 sed
712 728 763 771 de
788 741 853 771 tot
888 740 1093 784 ageretur
1119 726 1318 768 honestis
1348 724 1520 782 probis-

95 817 182 859 que
237 800 421 857 civibus,
457 815 654 858 quorum
700 800 786 842 vita
839 815 859 841 a
914 798 1061 855 gladio
1112 798 1351 839 hominum
1385 797 1518 839 scele-

96 885 273 916 storum
309 888 399 915 non
435 884 549 914 esset
583 872 687 914 satis
723 884 815 914 tuta
851 886 896 912 ac
932 882 1145 927 protecta.

214 944 312 987 VH.
347 944 493 986 Huius
528 942 701 985 lethalis
753 957 921 999 poenae
971 942 1185 997 irrogatio
1230 956 1378 983 mores
1423 955 1517 982 cor-

99 1017 282 1075 rumpit.
329 1015 523 1059 Londini
573 1031 618 1058 ac
654 1016 834 1058 Parisiis
880 1014 1027 1057 videre
1063 1014 1171 1055 olim
1206 1026 1296 1055 erat
1330 1011 1520 1069 plebem,

100 1103 212 1145 quae
232 1103 307 1145 per
331 1100 472 1130 totam
498 1100 677 1130 noctem
703 1088 815 1128 circa
840 1085 1090 1143 patibulum
1115 1088 1159 1128 in
1184 1085 1333 1128 medio
1353 1085 1519 1142 plateae

100 1170 299 1201 erectum
334 1156 700 1213 debacchabatur,
739 1172 869 1199 mane
918 1172 1023 1199 vero
1072 1157 1254 1198 miseras
1299 1155 1520 1197 humanae

97 1231 293 1272 iustitiae
327 1231 529 1273 victimas
564 1229 752 1272 efferatis
788 1227 1016 1285 plausibus
1053 1227 1310 1284 excipiebat.

188 1303 424 1359 Responsio.
459 1301 699 1359 Adspicere
734 1299 1051 1343 tantummodo
1077 1300 1267 1355 culpam,
1302 1310 1449 1355 potest
1472 1312 1519 1339 ac

99 1375 212 1417 solet
262 1373 390 1417 bonis
440 1374 645 1417 moribus
696 1389 878 1416 nocere:
915 1372 1037 1415 facile
1087 1372 1206 1413 enim
1256 1382 1335 1422 est,
1388 1385 1520 1427 prava

99 1445 298 1503 exempla
332 1447 511 1489 imitari.
547 1447 605 1488 At
629 1458 827 1503 spectare
863 1444 1039 1501 culpam
1075 1443 1209 1485 simul
1233 1458 1336 1484 cum
1371 1440 1518 1484 debita

97 1532 240 1574 poena
274 1518 578 1573 coniunctam7
614 1516 794 1575 prodest
831 1515 958 1558 bonis
994 1513 1210 1556 moribus.
1249 1530 1269 1553 «
1306 1511 1518 1567 Quando,

98 1590 157 1632 ait
191 1605 224 1632 s.
245 1589 446 1632 Thomas
472 1589 560 1649 (1),
585 1590 718 1632 simul
759 1604 861 1631 cum
887 1588 1012 1644 culpa
1040 1587 1279 1629 innotescit
1304 1596 1345 1627 et
1362 1599 1518 1641 poena,

97 1659 165 1703 vel
199 1661 357 1703 mortis
392 1661 460 1704 vel
494 1676 804 1718 quaecumque
840 1660 935 1713 alia,
992 1673 1125 1715 quam
1163 1657 1300 1698 homo
1351 1655 1518 1710 horret,

97 1747 148 1774 ex
185 1731 268 1774 hoc
304 1733 400 1789 ipso
434 1732 642 1775 voluntas
679 1733 773 1774 eius
800 1747 819 1773 a
847 1728 1068 1787 peccando
1094 1727 1386 1770 abstrahitur:
1414 1726 1517 1783 quia

97 1803 196 1860 plus
230 1814 366 1846 terret
400 1819 558 1860 poena,
602 1818 738 1860 quam
786 1802 945 1844 alliciat
991 1799 1246 1855 exemplum
1291 1797 1458 1853 culpae.
1498 1813 1517 1835 »

97 1875 248 1928 Quare
282 1873 414 1918 ferale
447 1875 734 1932 supplicium,
762 1883 836 1931 per
872 1888 910 1915 sc
946 1870 1187 1928 loquendo,
1221 1868 1445 1912 salubrem
1474 1868 1518 1910 in

96 1945 370 1989 adstantium
394 1948 554 1989 animis
579 1948 722 2004 gignit
747 1945 968 2000 effectum,
993 1942 1243 1987 deterrendi
1269 1958 1290 1984 a
1314 1942 1515 1984 crimine:

97 2033 189 2060 non
222 2019 470 2075 corrumpit
504 2033 666 2074 mores,
702 2016 776 2059 sed
826 2034 846 2058 e
883 2017 1109 2058 contrario
1158 2015 1355 2070 corrigit.
1392 2014 1516 2054 Hanc

95 2104 278 2132 morum
312 2088 672 2132 emendationem
723 2090 766 2131 in
817 2087 1027 2129 omnibus
1065 2085 1284 2143 producit,
1318 2086 1369 2127 iis
1421 2096 1516 2126 tan-

96 2160 333 2204 tummodo
384 2162 591 2217 exceptis,
640 2162 712 2218 qui
765 2172 868 2202 sunt
916 2160 1091 2215 penitus
1134 2157 1371 2215 depravati.
1423 2157 1518 2197 Hos

96 2230 276 2288 quidem
312 2232 429 2288 ipsos
464 2230 608 2273 feralis
645 2231 847 2286 supplicii
884 2229 1116 2285 adspectus
1153 2244 1242 2270 non
1280 2227 1515 2283 pervertit:

166 2452 218 2498 (1)
249 2451 285 2485 111
318 2462 347 2485 2.
377 2462 406 2486 2.
437 2464 469 2496 q.
506 2453 581 2485 ros.
613 2466 642 2484 a.
676 2463 700 2493 3.
733 2451 773 2484 ad
808 2456 862 2495 3.''·
