1705 2787
657 73 710 79 —
744 61 828 104 379
865 73 917 79 --

71 151 222 209 legalis
256 166 337 209 pro
354 151 654 209 pauperibus.
690 153 748 196 At
773 153 978 209 princeps
1003 152 1144 195 civilis
1172 151 1337 194 melius
1361 165 1499 209 quam

70 223 346 280 perlegalem
361 223 473 265 hanc
487 224 758 267 taxationem
773 222 1011 266 subvenire
1031 223 1195 280 poterit
1215 221 1498 280 pauperibuS,

68 296 104 337 si
138 295 183 337 in
217 295 384 337 civium
417 296 576 338 animis
611 311 768 338 sensus
804 311 931 337 verae
965 296 1010 338 in
1045 310 1262 352 pauperes
1298 295 1493 337 caritatis

68 377 343 423 promoveat.
364 366 536 408 Poterit
555 378 705 409 autem
725 365 849 409 facile
868 381 1152 423 promovere,
1168 379 1268 409 tum
1294 366 1496 423 exemplo

67 452 165 493 suo,
200 449 298 479 turn
333 436 428 479 aliis
461 438 573 494 aptis
609 437 770 493 modis,
806 450 903 480 tum
938 438 1198 494 praesertim
1237 437 1491 480 adiutorem

66 523 111 550 se
144 506 397 565 praebendo
431 507 674 550 catholicae
709 509 946 564 Ecclesiae,
983 524 1096 566 quae
1125 521 1218 551 tota
1253 521 1318 551 est
1341 510 1385 551 in
1410 509 1496 565 pri-

64 590 162 621 vata
185 578 365 621 caritate
387 577 604 634 fidelium,
624 579 714 621 sive
741 578 1095 635 individuorum,
1121 581 1210 622 sive
1230 581 1275 622 in
1300 580 1485 622 societa-

63 662 126 692 tes
149 648 467 692 beneficentiae
488 650 851 705 coalescentium,
870 650 1098 693 excitanda
1119 663 1160 693 et
1178 650 1367 694 fovenda
1386 650 1473 708 (1).

197 852 238 896 d)
266 852 321 887 De
347 861 561 896 supremae
589 852 807 895 potestatis
834 853 964 888 abusu
992 853 1032 888 et
1061 853 1345 897 usurpatione.

587 984 739 1013 THESIS
773 985 953 1013 LXXXVI.

69 1102 156 1157 Qui
188 1100 420 1159 imperandi
444 1108 633 1157 potestate
666 1100 858 1155 abutitur,
898 1099 975 1159 1.⁰)
1009 1100 1217 1158 obligandi
1239 1101 1480 1159 quidamvi—

177 1182 300 1225 σαγαί,
337 1173 658 1230 quotiescumque
674 1175 873 1230 praecipit
893 1173 1062 1231 aliquid,
1089 1174 1194 1231 quod
1218 1173 1318 1217 bono
1340 1175 1482 1217 divino

174 1254 243 1288 aztt
275 1245 453 1288 humano
487 1246 537 1288 sit
565 1246 768 1288 evidenter
803 1247 1072 1288 contrarium:
1108 1246 1178 1289 sed
1201 1247 1283 1304 2.⁰)
1308 1248 1486 1290 auctori-

174 1325 291 1359 tatem
325 1332 405 1359 non
429 1318 586 1372 amittit,
621 1318 704 1359 nisi
737 1316 892 1359 abusus
918 1318 968 1359 sit
1002 1318 1219 1370 eiusmodi,
1245 1319 1314 1375 qui
1352 1319 1485 1375 ipsum

170 1389 445 1445 possessionis
468 1387 626 1430 titulum
659 1387 852 1430 destruat.

144 1521 242 1550 211.
279 1508 655 1551 DEMONSTRATIO.
695 1509 895 1565 Agemus
947 1506 1137 1550 breviter
1173 1505 1224 1549 de
1275 1519 1481 1564 tyranno.

54 1580 152 1622 Hoc
187 1594 369 1634 nomen,
402 1588 620 1637 tyrannus,
658 1595 732 1637 per
769 1596 813 1622 se
839 1579 1060 1636 significat
1095 1594 1247 1635 regem
1271 1595 1347 1622 seu
1385 1594 1481 1622 mo-

52 1651 281 1707 narcham,
300 1652 375 1709 qui
396 1652 571 1708 plenam
593 1650 723 1693 habet
743 1652 788 1693 in
814 1649 1016 1692 subditos
1042 1662 1325 1706 potestatem.
1345 1650 1478 1692 Nunc

48 1735 198 1766 tamen
218 1722 306 1765 fere
331 1737 506 1780 semper
530 1724 743 1780 accipitur
764 1723 808 1764 in
830 1723 991 1763 malam
1016 1733 1202 1778 partem.
1225 1747 1277 1751 ——
1298 1720 1477 1777 Duplex

50 1806 199 1836 autern
234 1793 451 1850 distingui
486 1794 597 1836 solet
632 1806 864 1850 tyrannm,
890 1793 1057 1835 scilicet
1092 1795 1305 1849 regiminis
1331 1806 1373 1836 et
1409 1810 1478 1837 us-

52 1866 296 1923 urpationis.
331 1866 583 1924 Loquimur
618 1866 662 1907 in
689 1865 767 1906 hac
788 1865 901 1907 thesi
927 1864 978 1907 de
1004 1877 1194 1921 tyranno
1220 1866 1474 1921 regiminis:

52 1935 136 1978 hoc
185 1937 370 1979 nomine
420 1936 747 1993 intelligentes,
798 1936 1044 1992 principem
1095 1935 1348 1991 legitimum
1398 1937 1475 1993 qui

46 2008 198 2065 inique
233 2009 347 2065 regit
380 2008 773 2062 communitatem,
809 2008 834 2049 i.
871 2023 905 2049 e.
942 2008 1189 2063 principem
1225 2008 1300 2064 qui
1350 2020 1473 2064 pote-

38 2089 222 2135 Statem,
257 2093 393 2137 quam
426 2080 540 2122 iuste
583 2078 793 2135 possidet,
844 2091 1015 2121 exercet
1064 2080 1243 2121 iniuste.
1279 2105 1331 2110 —
1368 2080 1471 2122 Duo

46 2163 197 2193 autem
232 2149 283 2193 de
318 2165 370 2192 eo
404 2152 645 2193 statuimus
681 2152 725 2193 in
761 2149 948 2204 duabus,
983 2149 1144 2207 quibus
1181 2150 1286 2192 haec
1332 2149 1469 2192 thesis

44 2234 233 2278 constat,
267 2222 480 2279 partibus.

111 2375 167 2420 (1)
196 2374 251 2409 Cf.
270 2375 377 2409 verba
398 2375 529 2409 Leonis
550 2375 646 2408 xm.
665 2386 779 2419 super.
803 2373 908 2408 :illata
928 2372 997 2406 vol.
1019 2373 1060 2406 Il.
1080 2384 1160 2417 pag.
1186 2383 1272 2417 137„
1293 2372 1336 2405 dc
1356 2371 1466 2405 modo

38 2435 272 2470 vetustissimi
302 2446 476 2479 pauperes
505 2435 595 2468 inter
623 2443 657 2467 et
684 2434 811 2467 divites
841 2433 973 2466 dissidii
1016 2432 1176 2466 tollendi.
