1705 2787
298 179 357 221 Ut
392 189 507 220 recte
553 175 739 218 advertit
790 173 1046 217 Liber-:itote
1096 171 1182 230 (ι),
1218 174 1261 215 in
1307 171 1391 214 hoc
1439 171 1599 214 erravit

180 249 511 305 Montesquieu,
534 264 553 286 ‹<
592 244 712 303 quod
749 245 876 287 unice
910 242 961 286 ad
995 255 1165 299 partem
1191 244 1422 298 negativam
1447 253 1597 285 aucto-

184 322 324 364 ritatis
360 317 751 374 contemplandam
777 332 821 358 se
846 315 1080 369 convertit,
1097 314 1318 371 positivam
1343 328 1462 368 vero,
1488 327 1598 370 quae

182 392 411 449 praecipua
449 402 513 432 est
547 402 588 431 et
624 387 969 431 fundamentum
1012 384 1147 441 ipsius
1183 384 1316 440 partis
1356 384 1598 440 negativae,

182 466 369 507 omnino
404 462 609 519 neglexit.
646 461 872 503 Nimirum
909 456 1202 499 consideravit
1222 456 1478 496 remotionem
1501 453 1599 497 ahu-

182 551 273 579 5115:
310 550 362 577 ne
398 534 542 577 hilum
592 532 773 590 quidem
821 530 1030 586 cogitavit
1065 527 1115 570 de
1167 528 1313 568 [militm
1363 526 1520 569 ordinis
1570 535 1601 568 et

181 609 300 661 vitiza,
335 621 467 663 quam
504 605 744 647 auctoritas
780 601 1075 654 multitudini,
1112 611 1160 641 ut
1198 599 1374 640 animus
1425 598 1602 654 corpori

186 679 454 734 impartitur.
490 676 534 719 Si
569 688 712 732 partes
757 673 957 730 singulae
1007 670 1282 713 auctoritatis
1332 680 1602 711 autonomae

189 751 377 792 omnino
413 747 685 800 efficiantur,
720 758 762 788 et
796 762 817 788 a
852 745 976 787 nullo
1012 742 1229 801 principio
1264 755 1363 782 vere
1398 755 1488 782 uno
1533 738 1604 782 de-

187 819 458 878 pendentes;
495 816 726 875 quomodo
763 830 1006 858 consensus
1042 826 1082 855 et
1118 812 1351 854 harmonia
1400 822 1605 866 exsurget

186 894 229 935 in
265 904 390 934 motu
427 890 608 934 sociali?
634 891 893 932 Consensus
917 887 984 929 hic
1006 884 1188 929 casualis
1210 883 1290 924 erit
1315 893 1355 924 et
1380 881 1606 935 fortuitus,

187 971 227 1001 et
265 958 531 1014 plerumque
582 955 682 998 inde
732 954 976 1011 proveniet,
1012 951 1132 1010 quod
1179 970 1264 996 una
1298 969 1395 1011 pars
1446 954 1604 996 astutia

188 1043 262 1072 aut
299 1030 340 1072 vi
374 1029 477 1070 alias
512 1027 703 1084 subigat,
739 1038 794 1081 et,
829 1025 879 1068 ad
915 1023 1078 1067 factum
1113 1026 1232 1081 quod
1276 1027 1481 1082 pertinet,
1516 1024 1607 1068 sola

186 1103 228 1143 in
265 1113 429 1143 ceteras
464 1099 735 1142 dominetur,
766 1116 782 1137 ›)
810 1096 922 1139 Illud
944 1097 1075 1138 etiam
1100 1096 1422 1140 advertendum
1449 1109 1605 1139 contra

185 1171 520 1228 Montesquieu,
555 1169 818 1213 divisionem
870 1180 1140 1225 potestatum
1175 1169 1223 1211 ad
1260 1170 1352 1211 eius
1406 1180 1604 1211 mentem

188 1244 442 1300 praestitam
477 1257 567 1284 non
602 1241 801 1284 sufficere
835 1239 886 1282 ad
918 1239 1162 1296 tyrannidis
1199 1240 1449 1296 periculum
1483 1254 1602 1283 aver-

188 1314 389 1369 tendum,
426 1326 472 1356 ut
506 1312 627 1356 facile
662 1311 961 1365 consideranti
997 1310 1160 1367 patebit
1195 1311 1281 1369 (2).

278 1386 408 1428 Hisce
443 1384 578 1427 finem
612 1385 887 1441 imponimus
922 1382 1213 1438 disputationi
1247 1381 1298 1425 de
1333 1381 1503 1425 iuribus
1529 1397 1610 1439 po-

189 1458 295 1500 litici
328 1458 619 1514 principatus:
656 1470 873 1513 quaenam
918 1454 1082 1495 scilicet
1117 1454 1204 1496 sint
1255 1453 1443 1496 morales
1478 1466 1602 1510 pote-

191 1541 339 1584 state5‚
374 1543 480 1585 quas
514 1529 559 1571 in
611 1527 780 1570 bonum
828 1525 1164 1568 communitatis
1209 1526 1416 1583 princeps
1461 1523 1605 1569 habet.

195 1807 261 1841 tesi
290 1806 532 1839 communitas
559 1817 632 1839 non
662 1805 833 1839 alienaret
860 1817 922 1839 seu
952 1804 1110 1850 perfecte
1138 1805 1323 1850 largiretur
1355 1805 1614 1847 auctoritatem,

196 1866 257 1900 sed
291 1866 542 1899 tantummodo
571 1865 765 1910 delegaret.
794 1866 916 1906 Quare
943 1866 1136 1899 auctoritas
1175 1873 1387 1907 remaneret,
1428 1873 1614 1910 tamquam

193 1927 228 1959 in
247 1937 311 1959 suo
339 1926 511 1970 principio
539 1936 601 1958 seu
630 1924 739 1967 fonte,
766 1925 801 1958 in
829 1925 904 1969 ipsa
932 1925 1209 1959 communitate:
1237 1925 1301 1958 tria
1330 1933 1453 1958 autem
1474 1924 1536 1958 illa
1554 1935 1615 1958 su-

197 1986 313 2019 biecta
339 1985 515 2019 haberent
541 1994 761 2030 potestatem
787 1985 845 2018 vel
873 1985 1061 2030 legiferam
1087 1984 1145 2017 vel
1180 1983 1402 2017 iudiciariam
1428 1982 1485 2017 vel
1513 1993 1616 2017 exse-

196 2045 353 2078 cutivam
380 2053 565 2089 tamquam
594 2043 809 2089 delegatam,
839 2056 989 2089 eamque
1019 2055 1099 2077 cum
1139 2043 1377 2088 dependentia
1405 2055 1423 2077 a
1451 2054 1615 2077 commu-

196 2105 305 2137 nitate
339 2113 559 2137 exercerent.
589 2124 630 2128 —
659 2105 814 2138 Veteres
842 2113 963 2138 tamen
991 2116 1064 2138 non
1090 2104 1159 2137 hoc
1187 2111 1293 2148 pacto
1332 2114 1408 2136 rem
1436 2103 1618 2148 concipie-

199 2164 293 2204 bant,
331 2164 475 2208 quando
517 2163 754 2203 affirmabant,
796 2163 1095 2197 communitatem
1123 2161 1314 2195 transferre
1340 2169 1557 2206 potestatem
1582 2161 1618 2194 in

204 2223 412 2267 principem.
439 2222 691 2267 intelligebant
719 2223 813 2256 enim
854 2222 1139 2263 translationem,
1180 2232 1270 2266 quae
1306 2229 1411 2262 esset,
1450 2232 1523 2254 non
1548 2221 1620 2255 iam

203 2290 341 2314 tantum
369 2280 560 2326 delegatio,
587 2281 648 2314 sed
677 2281 846 2326 alienatio
876 2292 939 2314 seu
959 2279 1116 2325 perfecta
1135 2278 1276 2324 largitio
1304 2279 1411 2313 totius
1432 2279 1620 2323 potestatis

198 2352 289 2385 quae
316 2342 411 2386 prius
440 2350 514 2374 erat
542 2342 577 2374 in
605 2341 879 2374 communitate.

269 2402 325 2444 (1)
352 2401 408 2434 Ius
436 2412 509 2434 soc.
536 2412 636 2436 num.
660 2411 716 2445 97.

267 2459 323 2502 (2)
351 2458 405 2492 Cf.
437 2459 649 2504 'l'oiigiorgi,
679 2459 752 2494 etll.
778 2471 875 2507 num.
902 2469 982 2504 4913
