1705 2787
782 116 829 121 -
868 104 953 146 434
989 115 1040 121 ’-

202 190 351 243 menta
401 200 462 241 rei
497 197 700 241 militaris
737 198 819 241 hoc
855 199 1092 256 praecipue
1146 200 1345 255 ponitur,
1379 197 1430 241 de
1465 198 1613 242 occul-

203 270 344 314 tandis
381 270 592 325 consiliis,
627 285 680 312 ne
716 269 765 312 ad
801 270 950 313 hostes
987 272 1259 327 perveniant.
1294 270 1385 313 Nec
1438 271 1615 328 proprie

203 339 461 384 huiusmodi
497 340 680 384 insidiae
715 353 929 385 vocantur
967 341 1157 397 fraudes,
1192 356 1271 384 nec
1305 342 1501 385 iustitiae
1549 357 1615 385 re-

202 425 417 470 pugnant,
451 428 531 455 nec
566 412 793 456 ordinatae
829 413 1063 458 voluntati
1119 414 1244 456 Esset
1294 413 1411 456 enirn
1450 413 1615 458 inordi—

202 495 300 527 nata
335 483 558 534 voluntas,
592 485 627 527 si
660 485 758 541 quis
794 485 938 541 vellet,
975 484 1082 529 nihil
1138 484 1221 528 sibi
1253 483 1305 528 ab
1340 485 1434 528 aliis
1470 485 1614 530 occul—

203 557 283 600 tari
318 556 404 614 (ι).

718 762 980 804 Anicetus
1014 761 1088 804 VI.

318 903 381 948 De
413 901 646 945 habitudine
679 917 752 947 seu
786 901 978 945 relatione
1015 902 1146 945 Status
1180 901 1234 944 ad
1259 900 1494 945 Ecclesiam.

291 1047 389 1091 228.
425 1047 585 1090 Divina
634 1046 860 1089 institutio
910 1046 1129 1089 Ecclesiae
1187 1045 1522 1091 demonstratur
1571 1049 1617 1092 in

199 1131 387 1163 tractatu
423 1116 474 1160 de
507 1132 608 1160 vera
644 1118 893 1174 Religione,
928 1119 1003 1175 qui
1037 1118 1081 1160 in
1116 1117 1280 1160 scholis
1315 1130 1413 1161 tum
1465 1118 1617 1162 Theo-

196 1193 338 1250 logiae
372 1191 678 1247 Dogmaticae‚
712 1202 809 1233 tum
843 1191 975 1233 etiam
1010 1189 1324 1248 Philosophiae
1366 1190 1612 1248 Religionis

197 1261 400 1306 traditur.
433 1261 539 1305 Non
587 1276 682 1303 eam
716 1261 851 1318 igitur
895 1262 1168 1303 assumimus
1202 1260 1615 1319 demonstrandam?

199 1332 273 1376 sed
309 1343 355 1375 ut
390 1330 742 1374 demonstratam
777 1330 1071 1375 admittimus.

288 1419 386 1461 229.
421 1405 520 1448 Hoc
553 1416 703 1447 autem
737 1403 1034 1461 inquirimus:
1071 1401 1301 1460 quidnam,
1334 1401 1525 1445 admissa
1553 1401 1614 1446 di-

197 1478 298 1520 vina
332 1476 551 1520 Ecclesiae
585 1476 884 1530 institutione,
920 1473 971 1517 de
1006 1471 1265 1517 habitudine
1300 1487 1376 1516 seu
1402 1474 1615 1518 relatione

199 1549 348 1592 Status
383 1547 436 1591 ad
471 1547 714 1590 Ecclesiam
749 1562 799 1589 ex
843 1546 1071 1603 principiis
1122 1546 1230 1588 iuris
1275 1557 1457 1588 naturae
1504 1545 1616 1589 iudi-

197 1618 389 1663 candum
423 1619 493 1662 sit.
529 1619 647 1661 Haec
681 1617 847 1660 scilicet
881 1617 1181 1675 inquirimus:
1218 1616 1365 1659 Status
1400 1628 1523 1660 estne
1547 1617 1615 1660 in-

197 1690 330 1735 ferior
364 1690 575 1746 Ecclesia,
609 1705 663 1733 an
706 1704 812 1732 vero
861 1688 1056 1747 aequalis
1106 1689 1144 1731 ei
1178 1699 1243 1731 est
1276 1700 1350 1731 aut
1399 1689 1532 1732 etiam
1567 1704 1616 1731 ea

198 1762 435 1820 superior?
469 1761 604 1804 Estne
629 1761 666 1803 ei
691 1758 1025 1814 subordinatus,
1048 1774 1102 1802 an
1126 1773 1231 1802 vero
1256 1771 1320 1801 est
1344 1757 1395 1801 ab
1420 1773 1467 1801 ea
1492 1758 1613 1802 inde·
1666 1811 1668 1813 .
1701 1774 1705 1785 ¹

199 1833 430 1892 pendens?
463 1834 518 1876 Et
551 1833 587 1876 si
621 1844 685 1875 est
719 1830 1052 1887 subordinatus,
1086 1831 1131 1873 in
1164 1846 1255 1889 quo
1300 1830 1405 1873 hacc
1458 1830 1615 1874 subor-

199 1905 367 1949 dinatio
401 1921 477 1948 seu
515 1903 808 1962 dependentia
842 1904 1082 1947 consistit?
1116 1903 1182 1945 En
1229 1903 1515 1960 quaestiones
1565 1918 1615 1945 cx

200 1977 429 2034 principiis
462 1976 571 2019 iuris
607 1975 820 2019 naturalis
856 1977 901 2017 in
935 1974 1018 2017 hoc
1053 1974 1243 2017 articulo
1276 1972 1526 2017 solvendae.

288 2062 386 2105 230.
425 2049 614 2104 Verum,
648 2060 887 2106 antequam
931 2047 1007 2089 has
1043 2047 1326 2104 quaestiones
1374 2045 1615 2101 solvamus,

199 2121 360 2163 iuverit
394 2135 530 2178 pauca
571 2136 622 2163 ex
670 2121 737 2176 iis,
781 2135 892 2177 quae
941 2118 992 2162 de
1042 2118 1234 2162 Ecclesia
1277 2116 1515 2161 traduntur
1568 2118 1614 2161 in

198 2203 385 2234 tractatu
423 2190 474 2235 de
508 2206 610 2234 vera
642 2191 889 2248 Religione‚
924 2205 1126 2249 quaeque
1150 2205 1172 2232 a
1195 2188 1323 2233 nobis
1348 2201 1398 2232 ut
1420 2188 1612 2232 diximus

199 2274 427 2320 tamquam
463 2262 764 2306 demonstrata
799 2261 1113 2318 admittuntur?
1148 2261 1354 2305 recolere.

293 2486 343 2522 (η
373 2484 427 2518 (if,
449 2496 538 2529 quae
558 2486 592 2517 iu
616 2484 704 2518 thesi
725 2485 765 2517 dt·
796 2484 983 2518 mendacio
1004 2484 1158 2518 diuinum:
1175 2483 1243 2516 vul.
1266 2483 1306 2516 11.
1328 2491 1495 2527 pes-331·
1513 2492 1610 2526 seqq.

1700 2256 1705 2315 l

1700 2320 1705 2411 l

1700 2411 1705 2440 11

1704 2457 1705 2493 l
