1705 2787
778 61 1035 107 --126-Φ

205 187 298 220 tum
337 175 509 219 civilem
547 175 872 230 omnipotentia
907 171 1095 231 quadam
1130 171 1312 228 donant,
1346 186 1538 229 eumque
1561 166 1620 213 af-

205 247 384 290 firmant
420 262 512 288 esse
548 244 717 287 fontem
753 257 793 286 et
829 245 1049 300 originem
1084 244 1288 285 omnium
1322 243 1488 285 iurium
1531 240 1618 300 (1).

204 320 317 361 Hinc
353 318 403 360 de
438 317 599 359 familia
632 328 811 373 agentes
845 327 1106 373 sequentem
1155 315 1461 369 assertionem,
1509 325 1620 356 tam-

203 405 335 447 quam
372 390 508 431 totius
534 387 846 444 disputationis
872 385 1215 429 fundamentum
1239 401 1314 428 seu
1336 385 1619 442 principium,

203 472 418 503 statuunt:
458 477 477 499 «
516 459 711 500 Societas
746 457 989 500 domestica
1023 473 1098 500 seu
1134 456 1297 499 familia
1340 468 1481 498 totam
1515 470 1618 498 suae

205 532 462 574 existentiae
517 531 736 572 rationem
772 545 793 571 a
828 530 921 571 iure
956 528 1184 572 dumtaxat
1218 527 1334 570 civili
1372 539 1616 570 mutuatur:

206 601 478 659 proindeque
513 617 564 642 ex
598 601 691 657 lege
725 599 954 643 dumtaxat
976 600 1092 642 civili
1111 598 1339 641 dimanant
1358 613 1403 640 ac
1427 597 1620 655 pendent

206 676 300 717 iura
334 673 483 715 omnia
518 684 753 729 parentum
788 673 832 714 in
857 671 987 726 filios,
1022 686 1123 713 cum
1148 671 1302 728 primis
1335 685 1439 713 vero
1463 670 1530 712 ius
1554 670 1619 711 in-

206 745 452 788 stitutionis
487 742 851 800 educationisque
886 741 1159 785 curandae.»
1187 742 1282 784 Hoc
1307 740 1485 799 quidem
1500 741 1619 798 prin-

205 817 318 873 cipio
352 815 561 869 admisso,
596 814 932 858 concedendum
966 831 1070 858 sane
1104 813 1232 870 foret,
1269 814 1513 871 principem
1562 813 1620 855 ci-

205 888 336 931 vilem
372 902 501 944 posse
535 902 579 928 se
604 886 766 929 directe
785 887 986 943 ingerere
1009 887 1053 928 in
1079 885 1388 928 educationem
1408 884 1620 940 filiorum,

205 959 296 1001 imo
330 973 459 1015 posse
494 973 590 1000 eam
624 956 706 999 sibi
740 958 927 999 omnino
962 972 1201 1012 assumere,
1237 957 1343 1013 quin
1377 955 1531 998 falcem
1574 957 1620 998 in

205 1031 393 1073 alienam
428 1041 624 1086 segetem
649 1030 816 1071 iniiciat
851 1040 924 1070 aut
950 1028 1090 1070 ullum
1114 1039 1348 1084 parentum
1370 1028 1436 1070 ius
1470 1027 1619 1070 violet.

207 1100 289 1144 Sed
323 1100 483 1143 falsum
518 1112 582 1142 est
616 1098 861 1142 illiusmodi
896 1100 1179 1156 principium:
1216 1114 1262 1140 ac
1306 1099 1400 1140 iure
1434 1113 1616 1155 prorsus

206 1173 457 1229 meritoque
510 1172 867 1229 propositionem
902 1170 1021 1212 illam
1075 1171 1179 1212 Pius
1213 1170 1287 1212 IX.
1322 1170 1367 1212 in
1402 1169 1621 1227 encyclica

213 1244 382 1299 Quanta
404 1257 505 1285 citra
523 1242 706 1285 confixit
732 1241 1149 1298 eoridemnavitque.
1176 1240 1466 1284 Contrarium
1501 1241 1622 1283 enim

204 1315 473 1371 principium
507 1325 571 1356 est
605 1312 945 1356 admittendum:
982 1312 1197 1354 nimirum

323 1386 369 1444 a)
404 1386 509 1428 Non
543 1385 693 1427 civitas
719 1395 783 1426 est
817 1384 928 1426 ratio
963 1399 1039 1426 cur
1075 1384 1230 1425 existat
1264 1381 1442 1438 familia,
1491 1381 1566 1425 sed
1600 1398 1622 1424 e

205 1457 428 1499 contrario
463 1455 625 1498 familia
659 1467 723 1497 est
758 1455 868 1497 ratio
903 1469 979 1496 cur
1014 1454 1164 1497 civitas
1199 1454 1368 1496 existat.
1415 1453 1512 1495 Hoc
1551 1468 1622 1509 pa-

206 1540 267 1571 tet
302 1545 353 1571 ex
386 1527 572 1570 articulo
606 1528 658 1570 Π.
695 1526 827 1569 huius
863 1527 980 1568 tertii
1005 1526 1172 1582 capitiS,
1206 1526 1251 1567 in
1286 1540 1374 1582 quo
1409 1523 1461 1567 de
1495 1536 1622 1567 natu—

204 1598 281 1641 rali
332 1598 527 1640 hominis
573 1595 861 1638 sociabilitate
901 1595 1108 1651 diximus,
1158 1596 1391 1652 praecipue
1434 1609 1538 1637 vero
1571 1610 1623 1637 ex

205 1669 319 1711 thesi
352 1670 461 1724 XL„
495 1669 540 1710 in
575 1683 660 1725 qua
693 1666 744 1709 de
779 1668 930 1723 genesi
963 1682 1039 1709 seu
1076 1678 1176 1709 ortu
1212 1667 1399 1708 civitatis
1434 1667 1622 1722 egimus.

205 1741 372 1783 Civitas
406 1753 471 1782 est
505 1740 701 1783 evolutio
736 1754 811 1781 seu
847 1739 1078 1795 explicatio
1102 1736 1306 1793 familiae,
1330 1738 1375 1779 in
1401 1752 1485 1795 qua
1519 1738 1623 1780 civi-

205 1824 268 1854 tas
294 1824 522 1869 tamquam
541 1812 586 1853 in
605 1826 682 1853 sua
703 1810 792 1853 basi
810 1810 1033 1865 innititur,
1052 1825 1103 1852 ex
1121 1825 1206 1867 qua
1225 1811 1375 1852 civitas
1395 1821 1623 1867 tamquam

206 1900 257 1926 ex
280 1883 423 1926 radice
447 1883 648 1940 pullulat.
673 1886 873 1940 Πρότερον
892 1886 960 1926 καὶ
978 1886 1295 1940 ἀναγκαιότερον
1319 1884 1425 1925 οἰκία
1448 1883 1620 1932 πόλεως·

203 1956 324 2012 prior
358 1956 588 2011 magisque
623 1954 866 1996 necessaria
900 1965 965 1995 est
999 1952 1159 1996 domus
1193 1967 1326 2009 quam
1361 1952 1511 1995 civitas
1534 1949 1621 2009 (2).

273 2167 318 2209 (1)
347 2165 438 2198 Hinc
465 2164 501 2197 in
529 2162 675 2209 Syllabo
704 2164 779 2198 sub.
806 2174 905 2197 num.
942 2161 1106 2196 XXXIX.
1134 2161 1222 2195 haec
1250 2160 1511 2195 condemnatur
1536 2170 1621 2204 pro-

203 2227 353 2272 positio:
384 2223 634 2270 «Reipublicae
663 2233 786 2266 status,
816 2231 939 2268 utpote
979 2222 1142 2255 omnium
1169 2221 1298 2255 iurium
1337 2221 1439 2265 origo
1468 2228 1503 2254 et
1531 2218 1622 2260 fons,

203 2287 278 2319 iure
307 2285 465 2331 quodam
499 2282 611 2329 pollet
637 2282 742 2317 nullis
784 2282 1053 2325 circumscripto
1091 2280 1273 2314 limitibus.
1299 2293 1314 2311 υ
1345 2299 1387 2304 -
1417 2277 1471 2312 Cf.
1499 2288 1617 2323 super.

203 2345 274 2379 vol.
304 2345 346 2379 H.
374 2345 464 2379 thes.
493 2344 554 2378 IV.
582 2355 662 2388 pag.
691 2341 746 2385 64.
767 2362 808 2367 —
830 2342 921 2376 Vide
942 2341 1050 2376 etiam
1077 2340 1293 2382 Liberatore‚
1309 2339 1361 2373 ius
1381 2347 1452 2373 nat.
1471 2345 1561 2383 part.
1578 2336 1623 2371 II.

205 2416 303 2438 num.
336 2403 400 2445 16.;
430 2404 462 2437 Ia
495 2403 616 2437 Clyiesa
643 2414 658 2435 e
689 2402 718 2435 lo
747 2402 841 2435 Stalo
870 2412 945 2446 cap.
975 2411 1006 2435 2.
1035 2409 1097 2434 art.
1118 2410 1148 2444 5.

274 2463 329 2508 (2)
358 2463 449 2497 Vide
478 2473 594 2509 super.
625 2472 710 2508 pag.
740 2472 794 2506 72.
823 2461 944 2496 adnot.
979 2470 1008 2496 1.
