1705 2787
689 104 948 149 -Ῑοῖή

111 193 312 258 Exempli
347 201 501 258 gratia,
538 218 557 240 «
596 200 750 244 relatio
784 199 1075 257 aequalitatis5
1124 213 1235 256 quae
1269 187 1384 240 inter
1428 201 1533 239 con:

109 274 235 330 iuges
268 273 404 329 viget,
438 283 481 313 et
514 283 724 328 potestas,
759 286 892 328 quam
927 270 1035 312 alter
1069 269 1114 311 in
1161 269 1351 311 alterum
1386 267 1533 323 habet,

111 353 362 399 repugnant
396 340 687 384 relationibus
722 339 1056 398 dependentia,
1076 355 1209 397 quam
1246 337 1410 380 habent
1443 339 1535 380 nati

110 429 133 456 a
166 412 438 471 parentibuS‚
474 411 719 469 officiisque
754 411 1044 454 subiectionis
1065 423 1106 452 et
1128 410 1414 465 reverentiae,
1439 410 1535 467 qui-

112 485 192 528 bus
226 500 333 542 erga
363 484 443 526 hos
478 483 540 526 1111
574 482 930 539 adstringuntur.
967 481 1160 524 Proinde
1196 482 1377 538 nuptiae
1417 482 1534 523 inter
1577 494 1579 496 ·

111 570 281 614 patrem
315 567 357 598 et
391 554 543 610 filiam,
578 555 776 611 itemque
811 555 926 596 inter
960 566 1150 595 matrem
1185 565 1227 595 et
1262 552 1405 595 filiurn
1449 552 1535 609 legi

112 627 301 670 naturali
334 638 481 684 aperte
516 624 819 668 advers'antur.
855 625 951 666 Hoc
988 623 1104 667 idem
1149 625 1439 681 proportione
1472 622 1535 666 di-

111 697 303 741 cendum
338 697 390 741 de
415 697 776 753 consanguineis,
811 697 952 753 quiin
977 704 1097 751 recta,
1124 708 1171 738 ut
1206 696 1344 751 aiunt,
1379 710 1535 738 sncces-

113 771 240 813 sionis
265 768 374 812 linea
397 769 686 810 continentur
706 766 792 824 (1).
818 767 849 808 E
872 782 1088 809 converso
1108 763 1301 808 amicitia
1320 765 1534 808 naturalis

112 853 154 883 et
188 842 345 883 intima
381 838 677 894 consuetudo,
697 853 808 895 quae
842 839 956 880 inter
991 837 1144 880 fratres
1181 850 1221 879 et
1246 852 1422 880 sorores
1441 831 1536 879 esse

112 910 256 967 debet,
291 911 499 967 coniugia
532 910 650 952 inter
684 923 759 951 eos
794 924 888 950 esse
913 908 1132 965 prohibet.
1155 909 1272 951 Haec
1293 910 1411 951 enim
1436 925 1537 952 con-

112 984 232 1040 iugia
265 984 398 1026 nimis
433 997 620 1040 propere
654 996 700 1023 ac
735 994 903 1023 temere
936 982 1172 1035 mirentur,
1208 994 1249 1023 et
1285 997 1374 1024 non
1400 981 1536 1024 modo

113 1054 345 1112 perpetuis
400 1050 730 1109 suspicionibus
781 1064 822 1093 et
876 1051 1259 1107 contentionibus„
1294 1051 1369 1094 sed
1403 1053 1537 1094 etiam

114 1125 392 1182 polygamiae
426 1139 554 1181 saepe
588 1123 738 1165 locum
773 1121 942 1176 darent,
977 1136 1022 1163 ac
1058 1123 1334 1163 matrimonii
1378 1123 1538 1164 sancti-

117 1207 254 1237 tatem
290 1206 554 1238 everterent.
591 1192 755 1236 Eadem
806 1193 1098 1249 proportione
1133 1191 1316 1234 dicenda
1350 1192 1402 1235 de
1436 1208 1538 1250 pro-

114 1266 426 1324 pinquioribus
451 1266 796 1322 consanguineis
822 1277 862 1306 et
887 1263 1106 1319 affinibus,
1132 1265 1246 1306 inter
1267 1280 1378 1321 quos
1404 1280 1538 1322 quam

114 1337 350 1381 abhorreat
384 1350 541 1380 natura
595 1338 697 1379 iniri
744 1335 966 1378 connubia
1016 1334 1310 1378 funestissimi
1359 1352 1538 1394 quoque

115 1408 310 1465 effectus,
345 1410 420 1466 qui
454 1423 506 1451 ex
540 1409 600 1450 eis
634 1408 680 1450 in
715 1406 917 1449 sobolem
972 1405 1216 1462 dimanant,
1260 1408 1538 1463 apertissime

116 1479 359 1524 ostendunt
379 1479 494 1538 (2).»
531 1480 594 1522 Ita
629 1479 881 1535 Tongiorgi
916 1477 1002 1535 (3).

204 1550 278 1594 III.
314 1552 512 1594 Pertinet
545 1562 695 1592 autem
730 1548 781 1592 ad
813 1549 955 1605 legem
990 1548 1229 1605 positivam
1264 1560 1361 1590 tum
1396 1547 1538 1592 decla-

115 1636 210 1665 rare
245 1634 287 1665 et
321 1637 479 1679 urgere
512 1621 621 1679 legis
656 1621 869 1664 naturalis
906 1621 983 1662 hac
1003 1619 1054 1663 de
1080 1635 1124 1663 re
1148 1621 1538 1678 praescriptiones,

167 1773 214 1813 (1)
242 1770 549 1816 Consanguinitas
577 1770 710 1804 dirimit
737 1771 1008 1805 matrimonium
1038 1773 1071 1805 in
1101 1773 1193 1807 linea
1221 1784 1318 1809 recta
1348 1768 1534 1810 indefinite

85 1859 87 1861 .
117 1840 151 1866 et
178 1831 323 1877 quidem
343 1833 417 1864 iure
445 1836 600 1873 naturam,
628 1840 727 1865 certo
767 1831 885 1876 quoad
926 1833 1080 1876 primum
1122 1834 1283 1877 gradum,
1324 1835 1540 1879 probabilius

117 1891 226 1925 etiam
254 1891 371 1936 quoad
398 1900 548 1925 ceteros.

165 1953 211 1993 (2)
242 1951 546 1996 Consanguinitas
573 1951 608 1983 in
637 1950 728 1985 linea
769 1950 962 1986 collaterali
1000 1953 1132 1987 dirimit
1171 1955 1440 1989 matrimonium
1468 1956 1542 1989 ium:

117 2013 339 2047 ecclesiastico
367 2024 479 2058 usque
507 2013 549 2046 ad
577 2022 742 2057 quartum
770 2014 919 2056 gradum
948 2014 1041 2054 (vide
1070 2026 1184 2059 super.
1204 2027 1283 2060 pag.
1303 2015 1383 2059 68ss
1405 2025 1439 2050 et
1457 2027 1542 2061 pro-

116 2072 280 2107 habiliter
306 2073 424 2118 quoad
451 2074 605 2118 primum
632 2073 781 2117 gradum
809 2073 847 2106 de
876 2074 947 2105 [1ωέ
974 2074 1074 2106 ctiam
1103 2080 1256 2108 naturae.

167 2134 214 2177 (3)
240 2133 319 2168 Eth.
346 2145 443 2168 num.
474 2134 549 2179 387.
578 2152 620 2159 —-
649 2134 746 2167 Haec
775 2145 880 2177 porro
919 2134 1186 2169 :niimznlvertitz
1216 2148 1231 2165 «
1259 2135 1329 2169 Lex
1358 2147 1425 2180 qua
1453 2146 1542 2170 con-

118 2195 401 2239 sanguineorum
428 2195 605 2229 connubia
645 2195 913 2235 interdicuntur,
943 2196 970 2228 si
999 2196 1032 2228 in
1061 2195 1287 2230 collisionem
1312 2198 1434 2232 veniat
1461 2208 1541 2231 cum

120 2253 294 2298 superiori
321 2253 380 2288 illa
407 2253 498 2299 lege,
528 2266 597 2300 qua
625 2255 765 2298 generis
794 2254 939 2288 humani
969 2256 1181 2299 propagatio
1210 2257 1435 2301 praecipitur,
1460 2257 1541 2291 huic

119 2313 223 2347 cedat
250 2322 402 2358 oportet.
430 2314 549 2359 Atque
576 2314 657 2347 hinc
679 2313 812 2348 factum
831 2323 894 2354 est,
915 2323 949 2347 ut
967 2325 1076 2358 quum
1096 2314 1293 2348 humanum
1309 2327 1423 2359 genus
1439 2317 1542 2350 unica

120 2373 370 2408 continebatur
393 2372 536 2412 familia,
565 2374 741 2407 connubia
769 2374 859 2407 inter
887 2373 1010 2407 fratres
1033 2383 1067 2408 et
1085 2386 1228 2408 sorores
1248 2387 1319 2408 non
1340 2376 1450 2409 modo
1468 2387 1541 2409 non

120 2442 243 2468 essent
267 2433 400 2477 illicita,
428 2434 490 2468 sed
517 2435 629 2467 immo
658 2442 780 2467 essent
807 2443 1008 2478 praecepta.
1035 2448 1051 2466 υ
1082 2434 1136 2468 (js.
1164 2434 1430 2478 Bellarmiiium,
1460 2447 1541 2469 con—

122 2501 212 2528 trov.
241 2493 284 2528 de
311 2505 400 2528 sacr.
429 2503 532 2529 matr.
560 2493 580 2528 l.
606 2505 632 2527 1.
663 2505 692 2527 c.
724 2504 778 2538 27.
