1705 2787
196 172 285 204 tem
310 159 592 204 concedentis
616 162 683 204 ius
718 160 769 204 ad
793 173 1021 218 paternam
1056 160 1401 217 haereditatem3
1434 159 1609 221 procul—

195 233 330 276 dubio
364 232 575 290 praebent
610 231 786 274 firmam
810 231 1087 290 validamque
1108 232 1261 290 basim,
1285 235 1329 277 in
1355 249 1439 292 qua
1457 246 1610 292 postea

195 303 401 348 fundetur
438 304 656 359 legislatio
691 304 879 360 positiva
928 303 979 346 ad
1024 304 1304 348 rationabiles
1350 305 1428 349 hac
1468 304 1520 349 de
1564 321 1609 349 re

195 389 420 433 rectasque
447 376 816 432 praescriptiones
851 374 1102 419 condendas
1137 375 1222 435 (1).

284 447 335 488 Il.
370 444 621 489 Dicendum
658 461 775 488 nunc
810 458 874 488 est
908 445 960 489 de
993 449 1253 504 quaestione
1295 447 1403 491 alia:
1455 460 1609 491 utrum

196 518 335 573 magis
370 518 425 558 sit
460 517 546 558 iuri
581 517 770 559 naturali
805 532 1074 574 congruum⁷
1118 517 1236 576 quod
1281 520 1610 576 primogenitus

197 604 296 645 prae
332 588 424 630 aliis
460 587 563 630 filiis
599 587 711 630 bona
747 600 926 645 paterna
960 590 1117 631 maiori
1151 590 1195 632 in
1231 591 1355 647 copia
1384 605 1460 634 seu
1485 606 1610 633 men-

194 673 293 700 sura
327 658 508 714 accipiat
542 658 586 699 in
622 657 951 701 haereditatem.
1002 658 1238 702 Affirmant
1270 659 1423 703 multi:
1459 675 1512 702 en
1546 675 1609 717 ea,

193 744 302 786 quae
338 728 415 770 hac
450 727 501 771 de
535 730 794 785 quaestione
830 728 959 772 habet
990 731 1123 786 Jouin
1158 729 1244 788 (2):

283 818 301 840 «
339 801 411 842 Ius
437 801 817 857 primogeniturae
852 801 1087 859 multiplici
1122 803 1292 845 ratione
1328 801 1423 846 fieri
1456 814 1602 860 potest

192 873 456 928 legitimum.
492 871 622 929 Apud
658 871 884 915 Hebraeos
919 875 1073 930 viguit,
1108 875 1204 917 Deo
1249 876 1308 917 sic
1329 874 1608 933 disponente,

191 945 291 1001 quia
312 944 611 986 necessarium
637 944 805 1003 eraqad
830 944 970 988 tribus
995 958 1037 988 et
1060 945 1245 988 familias
1271 946 1607 990 conservandas.

191 1016 240 1057 In
285 1014 504 1072 aliquibus
540 1014 789 1058 civitatibus
825 1015 966 1059 forma
1005 1017 1232 1075 civilisque
1282 1018 1548 1061 constitutio
1585 1034 1607 1061 a

192 1086 457 1144 quibusdam
490 1085 666 1129 familiis
700 1086 931 1144 pendebat,
966 1104 1099 1146 penes
1125 1104 1230 1146 quas
1251 1090 1489 1146 originarie
1513 1101 1606 1133 erat

192 1173 397 1214 suprema
444 1159 698 1212 auctoritas,
744 1158 1025 1216 Reipublicae
1067 1161 1277 1203 intererat
1321 1161 1603 1204 conservatio

191 1228 350 1272 harum
384 1228 665 1285 familiarum,
699 1245 809 1287 quae
848 1243 1078 1288 propterea
1103 1233 1196 1274 iure
1230 1233 1608 1289 primogeniturae

193 1317 304 1359 opus
337 1301 569 1345 habebant.
605 1302 801 1360 Idipsum
853 1302 1093 1346 habebatur
1142 1305 1185 1346 in
1222 1304 1378 1361 fendis,
1413 1319 1523 1361 quae
1557 1304 1603 1345 in

193 1374 364 1429 origine
389 1386 512 1415 erant
535 1373 650 1416 dona
683 1389 705 1416 a
738 1375 934 1431 principe
962 1373 1086 1431 facta,
1120 1390 1221 1417 cum
1257 1390 1390 1417 onere
1424 1373 1607 1417 feudum

191 1443 506 1501 accipientibus
542 1446 753 1502 imposito
787 1446 825 1487 ei
859 1445 1072 1488 auxilium
1117 1447 1160 1487 in
1202 1444 1314 1488 bello
1341 1443 1604 1503 praestandi.

191 1515 321 1557 Hisce
356 1514 484 1558 donis
519 1517 716 1573 apposita
751 1530 841 1559 erat
875 1516 1086 1571 conditio3
1122 1530 1168 1559 ut
1202 1516 1253 1559 ad
1278 1517 1604 1574 primogenitos

190 1587 429 1628 transirent
464 1602 564 1629 cum
600 1586 755 1630 iisdem
791 1586 1151 1643 obligationibus.
1187 1588 1328 1630 Donis
1363 1588 1482 1629 enim
1515 1587 1605 1629 suis

190 1658 394 1714 princeps
430 1657 505 1700 has
531 1657 809 1701 conditiones
834 1658 1073 1715 adiungere
1093 1671 1277 1716 poterat.

281 1746 300 1769 «
337 1730 514 1772 Nostris
550 1730 828 1788 temporibus
854 1731 921 1773 ius
946 1731 1327 1787 primogeniturae
1352 1742 1393 1772 et
1418 1730 1605 1772 maiora-

190 1813 260 1843 tus
296 1801 448 1844 multis
483 1803 678 1845 invisum
712 1815 791 1858 est,
835 1815 876 1844 et
910 1803 1039 1844 variis
1078 1803 1122 1844 in
1162 1802 1269 1844 locis
1303 1800 1605 1857 abolitum‚eo

190 1871 324 1929 quod,
360 1885 407 1915 ut
441 1886 598 1930 putant
623 1873 755 1916 huius
790 1875 898 1916 iuris
933 1889 1099 1929 osoreS‚
1135 1873 1239 1916 haec
1262 1872 1502 1931 inaequalis
1529 1871 1604 1914 bo-

191 1958 355 1985 norum
389 1943 644 1987 distributio
678 1944 800 1988 cedat
834 1945 878 1987 in
904 1943 1168 2001 reipublicae
1193 1945 1450 2002 perniciem,
1474 1955 1604 2001 atque

1258 2109 1274 2125 Ο

260 2154 315 2198 (1)
342 2155 398 2188 Sic
426 2156 521 2188 enim
550 2166 655 2200 saepe
684 2164 809 2190 natura
836 2167 873 2189 se
901 2156 1006 2200 gerit:
1035 2155 1262 2200 potiusquam
1281 2165 1405 2188 verum
1421 2165 1459 2188 ac
1478 2152 1603 2188 stabile

190 2221 418 2257 praeceptum
445 2214 616 2257 imponat,
646 2214 792 2258 praebet
812 2214 935 2255 basim,
955 2224 1060 2254 supra
1079 2224 1185 2258 quam
1204 2224 1285 2246 suas
1303 2213 1602 2258 praescriptiones

190 2280 372 2305 construat
398 2271 574 2316 legislatio
602 2273 768 2317 positiva.
795 2274 838 2297 —'—-
866 2273 963 2306 Haec
991 2272 1254 2306 animadversio
1283 2272 1327 2305 ob
1347 2270 1470 2305 oculos
1498 2271 1602 2306 debet

190 2341 269 2364 esse
296 2331 330 2363 in
356 2329 512 2375 pluribus
541 2332 822 2376 quaestionibus,
852 2332 974 2377 eisque
1002 2330 1183 2365 solvendis
1211 2331 1334 2376 aptari.

260 2388 316 2431 (2)
343 2387 477 2423 Philos.
504 2400 592 2424 mor.
632 2398 718 2434 part.
748 2390 808 2424 ΙΙΙ.
835 2389 855 2424 l.
885 2390 942 2423 IV.
976 2401 1050 2434 cap.
1080 2399 1112 2431 4.
1134 2408 1175 2414 —
1198 2387 1268 2423 Cfr.
1301 2387 1490 2433 Taparelfi,
1523 2388 1543 2425 l.
1572 2400 1604 2425 c.

190 2458 223 2482 n.
258 2457 357 2492 1525.
