1705 2787
781 99 829 103 -..«
868 86 946 127 31-.
986 96 1037 102 .—

209 182 292 237 cipi
316 178 572 221 conceditur
607 177 658 220 ab
685 179 773 233 ipsa
801 178 894 234 lege
919 178 1132 221 naturali:
1158 177 1366 222 fundatur
1400 192 1548 222 autem
1572 181 1617 223 in

211 252 301 293 iure
327 248 447 307 quod
482 250 684 305 princeps
721 247 865 304 habet,
889 262 929 292 et
955 251 997 292 in
1033 249 1179 292 officio
1214 265 1303 308 quo
1327 250 1617 308 adstringitur

210 319 539 364 determinandi
565 319 768 362 ordinem
793 320 1002 363 socialem
1026 336 1072 363 ac
1097 319 1443 365 determinatum
1466 321 1620 366 sedulo

206 390 512 435 conservandi.

293 452 351 493 Ut
389 451 470 493 hoc
507 451 574 492 ius
609 451 816 506 exerceri,
851 462 893 492 et
929 450 1011 492 hoc
1063 449 1259 493 officium
1293 452 1471 509 impleri
1505 464 1620 495 recte

205 524 357 579 possit,
393 522 505 564 duae
542 534 781 578 potestates
818 522 1122 578 requiruntur.
1147 523 1406 580 Requiritur
1436 523 1515 582 1.⁰)
1545 538 1619 580 po-

202 606 334 636 testas
374 591 611 635 adhibendi
647 591 789 634 media
826 604 924 649 apta
959 606 999 635 et
1034 595 1277 636 necessaria
1301 593 1353 637 ad
1376 593 1619 651 impedien-

204 665 325 719 dum,
361 680 413 705 ne
449 663 558 706 ordo
593 663 901 721 perturbetur:
938 678 978 707 et
1013 664 1117 707 haec
1151 667 1265 708 inter
1290 666 1433 708 media
1457 667 1619 708 consti-

206 738 321 779 tutio
356 749 397 778 et
432 736 725 778 comminatio
774 751 1019 792 poenarum
1063 752 1195 779 suum
1246 735 1407 779 habent
1455 737 1619 780 locum.

203 806 462 863 Requiritur
502 805 582 862 2.“’)
618 818 811 862 potestas
847 804 1085 848 adhibendi
1119 805 1262 848 media
1285 818 1383 863 apta
1408 818 1449 849 et
1473 821 1619 849 neces-

204 878 315 919 saria
349 875 400 918 ad
436 875 641 918 ordinem
665 876 883 919 violatum
910 876 1325 934 redintegrandum:
1352 892 1464 934 quae
1489 878 1620 920 resti-

206 949 320 990 tutio
355 948 547 990 maxime
582 947 631 990 fit
666 963 741 1004 per
776 963 953 1005 poenas.

293 1020 452 1061 Errant
478 1019 613 1075 igitur
638 1020 681 1073 ii,
706 1020 781 1076 qui
807 1019 938 1061 huius
964 1019 1071 1061 iuris
1096 1018 1439 1061 fundamentum
1463 1031 1620 1076 putant

205 1106 297 1132 esse
317 1101 493 1147 pactum
516 1088 767 1148 sociale(1).
789 1090 822 1132 Ii
843 1105 1022 1147 quoque
1047 1102 1209 1145 errant,
1228 1091 1305 1146 qui
1331 1105 1433 1132 cum
1457 1090 1620 1133 Roma-

203 1159 331 1216 gnosi
356 1157 641 1213 arbitrantur,
667 1157 773 1201 illud
800 1159 928 1200 unice
953 1157 1128 1200 fundari
1152 1159 1197 1200 in
1217 1159 1310 1200 iure
1337 1156 1620 1210 defensionis,

203 1245 293 1286 quo
328 1229 515 1270 societas
555 1229 771 1270 instructa
814 1241 892 1270 est.
933 1229 1005 1270 Ius
1041 1229 1160 1270 enim
1194 1226 1407 1285 puniendi
1442 1228 1619 1284 respicit

203 1301 398 1342 actiones
424 1300 509 1341 iam
537 1300 701 1356 positas
737 1312 778 1341 et
813 1300 996 1341 iniurias
1032 1300 1075 1341 in
1111 1298 1224 1341 facto
1258 1314 1376 1341 esse:
1412 1299 1481 1341 ius
1516 1313 1620 1341 vero

203 1370 472 1414 defensionis
498 1371 676 1427 respicit
699 1372 894 1413 actiones
919 1370 1104 1425 futuras,
1130 1387 1205 1413 seu
1227 1371 1411 1413 iniurias
1436 1372 1481 1413 in
1507 1369 1616 1426 fieri,

203 1454 355 1484 contra
390 1457 496 1499 quas
533 1443 723 1497 insurgit
758 1441 809 1484 ad
843 1458 913 1484 eas
949 1441 1269 1499 propulsandas
1306 1458 1357 1484 ne
1393 1441 1513 1484 fiant.

758 1658 905 1685 'l'HESIS
940 1657 1068 1685 LXXV.

211 1774 275 1815 lus
303 1775 519 1830 puniendi,
553 1774 661 1831 qnod
688 1774 871 1830 principi
903 1773 1015 1816 civili
1048 1775 1240 1831 corrzpetit,
1293 1775 1421 1830 ipsam
1448 1781 1623 1831 poenam

320 1847 475 1902 capitis,
513 1845 559 1888 oh
594 1846 800 1888 atrociora
824 1845 1020 1902 quaedam
1046 1846 1223 1887 crimina
1247 1845 1529 1901 irrogandam,
1554 1859 1623 1887 seu

321 1919 383 1959 ius
415 1917 544 1973 gladii·
581 1917 862 1974 corliplectitnr.

299 2048 391 2102 189.
427 2049 804 2091 DILMONSTRATIO.
839 2049 1049 2105 Princeps
1099 2048 1236 2090 civilis
1272 2046 1401 2089 habet
1436 2048 1503 2089 ius
1537 2062 1623 2103 pu-

209 2117 371 2160 niendi.
407 2120 464 2160 At
498 2135 617 2174 vero,
642 2132 866 2177 quantum
891 2136 935 2162 se
961 2118 1155 2163 extendit
1180 2119 1262 2161 hoc
1286 2120 1382 2161 ius?
1406 2119 1623 2176 complec-

208 2189 373 2230 titurne
399 2190 537 2245 ipsam
563 2206 753 2247 poenam
780 2192 963 2248 capitis?
987 2190 1260 2234 Affirmative
1286 2189 1621 2247 respondemus.

207 2284 258 2289 —-
293 2259 395 2301 Non
431 2259 801 2318 determinamus,
837 2277 1053 2319 quaenam
1090 2264 1133 2304 in
1158 2263 1300 2318 specie
1325 2263 1412 2304 sint
1437 2261 1622 2303 crimina

279 2466 322 2491 ιι)
353 2454 406 2488 (js.
435 2467 548 2498 super.
577 2457 668 2490 thes.
696 2457 784 2490 XM.
813 2468 890 2502 pag.
923 2456 985 2498 46„
1016 2466 1049 2490 et
1075 2457 1165 2495 thes,
1193 2457 1317 2490 XLIX.
1345 2467 1424 2499 pag.
1449 2466 1521 2498 194-
