1705 2787
707 85 760 89 -
795 74 849 115 45
885 85 938 90 ,-

102 178 192 206 non
231 174 417 220 possunt,
460 165 735 208 necessarium
777 165 866 219 fuit,
902 166 1016 223 quod
1048 182 1121 224 per
1152 168 1240 210 vim
1270 166 1336 209 vel
1373 179 1531 210 metum

104 234 396 278 cohiberentur
433 251 455 278 a
487 235 613 289 malo,
646 249 690 278 ut
723 237 869 280 saltem
911 239 967 280 sic
999 237 1241 281 malefacere
1280 238 1532 291 desistentes,

102 318 143 349 et
176 305 263 349 aliis
296 307 479 364 quietam
510 308 641 349 vitam
672 307 902 362 redderent,
937 321 976 351 et
1009 310 1084 366 ipsi
1116 309 1284 353 tandem
1306 325 1377 366 per
1400 309 1535 352 huius-

103 376 223 420 modi
255 376 559 420 assuetudinem
592 377 642 420 ad
674 377 756 420 hoc
789 379 1121 435 perducerentur,
1156 380 1268 437 quod
1302 380 1534 423 voluntarie

105 448 297 502 facerent,
327 464 429 505 quae
453 450 564 506 prius
586 461 700 491 metu
723 451 960 507 implebant,
984 464 1023 493 et
1050 453 1107 494 sic
1130 451 1274 495 fierent
1297 453 1483 495 virtuosi.
1510 470 1529 492 »

107 519 238 571 Quod
272 521 397 577 igitur
428 521 621 563 securitas
654 520 822 576 abesset,
857 522 1054 565 violentia
1076 535 1343 579 grassaretur,
1365 525 1534 566 iniuriae

104 589 368 633 dominatum
401 590 611 645 haberent,
630 593 707 634 nisi
729 591 917 635 fraenum
951 593 1142 650 politicae
1173 595 1387 650 potestatis
1406 606 1540 636 exsta«

105 673 179 714 ret,
212 661 296 704 hoc
328 677 474 704 verum
505 674 586 705 est:
619 662 690 706 sed
713 676 772 705 est
796 663 955 717 falsum,
980 678 1169 707 naturam
1193 665 1274 708 hoc
1297 666 1531 718 intendisse,

104 732 219 790 quod
252 733 447 777 homines
481 746 594 777 extra
627 735 748 777 civile
781 738 1039 778 consortium
1057 736 1289 779 talifraeno
1322 737 1447 780 soluti
1477 738 1534 779 vi-

103 817 259 858 verent,
293 817 484 848 naturam
516 805 592 848 hac
615 807 655 848 in
679 806 919 850 conditione
942 809 1126 863 posuisse
1150 808 1341 851 homines
1364 808 1533 851 habenis

103 891 254 932 nempe
286 874 468 932 lorisque
498 877 692 933 principis
726 877 855 919 civilis
897 893 984 919 non
1021 877 1244 921 subiectos:
1278 878 1427 921 falsum
1459 891 1532 932 est,

103 947 214 1003 ipsos
257 945 449 989 homines
480 946 558 990 tale
591 947 779 991 fraenum
821 950 1090 1006 excogitasse,
1125 951 1422 1007 inventumque
1459 950 1534 993 sibi

104 1023 252 1060 mutuo
284 1031 406 1075 pacto
438 1035 510 1061 seu
543 1021 822 1062 conventione
856 1022 1114 1077 imposuisse.

254 1106 293 1147 4.
325 1090 432 1135 Illud
465 1107 633 1148 quoque
667 1103 726 1134 est
759 1091 921 1145 falsum,
956 1093 1148 1134 homines
1182 1092 1232 1135 ad
1265 1093 1431 1136 civilem
1471 1109 1533 1136 so-

104 1163 296 1206 cietatem
327 1162 485 1220 impelli
517 1164 792 1206 tantunmwdo
825 1181 846 1206 a
878 1164 1052 1206 naturali
1086 1164 1226 1217 i11;1‚in
1260 1180 1338 1221 qua
1362 1166 1533 1222 quisque

103 1234 136 1275 si
168 1249 356 1276 seorsum
397 1236 509 1277 vivat
551 1236 764 1291 reperitur,
809 1236 1055 1291 impotentia
1101 1252 1142 1278 se
1188 1236 1436 1293 protegendi
1484 1236 1532 1279 ab

103 1305 273 1347 iniuriis:
307 1306 363 1347 ita
393 1318 437 1347 ut
469 1306 501 1348 si
532 1305 634 1348 nulli
665 1305 801 1348 forent
834 1307 1013 1362 perversi
1049 1306 1254 1359 homines,
1281 1306 1351 1350 sed
1386 1323 1532 1350 omnes

103 1388 238 1419 essent
270 1380 419 1424 virtute
452 1389 705 1434 praestantes
737 1391 857 1434 atque
892 1378 931 1419 in
965 1377 1078 1419 bono
1124 1376 1372 1431 confirmati,
1420 1378 1531 1421 nulla

104 1449 294 1490 existeret
325 1448 494 1506 politica
525 1450 794 1511 consociatio.
839 1449 993 1492 Timor
1040 1448 1274 1501 violentiae,
1324 1465 1396 1491 seu
1440 1465 1531 1506 spes

101 1520 212 1575 pacis
244 1520 551 1577 securitatisque
599 1519 860 1573 obtinendae,
910 1522 1098 1577 quamvis
1131 1521 1182 1562 sit
1230 1519 1366 1563 valida
1411 1522 1530 1574 ratio,

103 1605 191 1632 non
223 1602 363 1632 tamen
394 1602 454 1633 est
485 1592 604 1633 unica
625 1592 730 1633 ratio
754 1593 989 1634 existentiae
1021 1592 1228 1634 societatis
1261 1591 1404 1634 civilis.
1428 1592 1532 1634 Sunt

102 1661 229 1704 etiam
261 1661 376 1714 aliae,
409 1677 559 1718 eaeque
591 1661 750 1705 validae
773 1664 966 1714 rationes,
992 1662 1084 1705 illae
1107 1679 1256 1720 nempe
1281 1679 1380 1720 quas
1406 1664 1531 1721 paulo

104 1744 196 1775 ante
228 1734 270 1776 in
301 1733 407 1776 thesi
439 1734 651 1790 trigesima
683 1749 795 1777 nona
829 1736 1190 1777 enumeravimus:
1226 1751 1376 1788 rerum,
1427 1751 1529 1792 quae

104 1803 156 1847 ad
186 1805 294 1847 vitae
327 1806 688 1848 conservationem
719 1807 969 1848 necessariae
1002 1817 1108 1857 sunt,
1141 1804 1380 1861 indigentia:
1415 1807 1532 1862 igno-

105 1876 249 1929 rantia,
282 1876 325 1917 in
357 1891 437 1933 qua
469 1876 641 1932 quisque
673 1877 705 1918 si
737 1876 939 1918 solitarius
962 1877 1120 1919 viveret
1141 1888 1382 1929 versaretur,
1406 1878 1531 1919 scien-

102 1949 256 1991 tiarum
287 1959 326 1990 et
358 1949 521 1990 artium:
555 1950 772 1991 necessitas
805 1947 1020 1991 exercendi
1062 1947 1266 1990 naturales
1305 1948 1529 2001 facultates,

104 2020 346 2077 praesertim
376 2034 478 2062 vero
512 2017 748 2062 facultatem
782 2018 993 2075 loquendi,
1029 2031 1068 2062 et
1100 2020 1257 2061 innatas
1290 2020 1417 2062 animi
1438 2034 1531 2075 pro-

103 2092 324 2149 pensiones
355 2090 559 2147 explendi:
594 2092 971 2133 controversiarum
1003 2106 1072 2132 seu
1099 2089 1246 2143 litium,
1280 2106 1383 2147 quae
1407 2092 1530 2133 etiam

103 2165 208 2206 inter
240 2160 395 2220 probos
427 2163 541 2205 viros
584 2164 737 2205 exoriri
779 2173 951 2218 possunt
997 2173 1036 2203 et
1074 2162 1329 2215 exoriuntur,
1377 2161 1530 2204 solutio

102 2250 175 2277 seu
207 2233 441 2277 authentica
474 2235 740 2289 compositio.
776 2232 917 2284 Quare
951 2232 1080 2274 civilis
1112 2233 1283 2275 societas
1317 2248 1412 2275 cum
1448 2233 1530 2275 suis

104 2304 264 2363 legibus
296 2305 455 2350 iudiciis
488 2306 730 2349 auctoritate
763 2317 821 2347 est
853 2320 940 2347 non
973 2305 1054 2346 iam
1087 2304 1383 2348 tantummodo
1406 2319 1527 2348 reme-

101 2377 216 2420 dium
249 2377 300 2421 ad
331 2377 554 2420 hominum
586 2378 831 2434 pravitatem
879 2376 1237 2433 compescendam,
1285 2376 1358 2420 sed
1403 2378 1528 2419 etiam

101 2448 381 2493 adimnentum
432 2448 484 2492 ad
531 2449 848 2490 convenientem
902 2446 1162 2504 perfectionis
1209 2447 1386 2504 gradum
1437 2460 1525 2491 tum
