1705 2787
695 87 747 93 “-
783 75 863 118 341
904 87 956 92 -

85 166 284 223 epistola,
317 166 547 210 Immortale
580 169 675 224 Dei,
722 168 868 226 aliqua
916 167 1139 226 proferam
1173 169 1393 226 praeclara
1429 169 1508 213 do-

85 251 319 282 cumenta:
357 256 378 279 «
415 239 529 282 Illud
573 241 727 283 salutis
781 240 982 298 publicae
1021 242 1222 298 interest,
1267 241 1319 284 ad
1371 257 1514 285 rerum

85 309 344 353 urbanarum
377 308 814 354 administrationem
843 311 1042 354 conferre
1067 313 1289 369 sapienter
1315 328 1513 370 operam3

85 382 130 424 in
164 396 303 439 eaque
335 380 515 425 studere
549 384 741 425 maxime
776 396 818 426 et
851 382 1037 439 efficere,
1072 396 1121 426 ut
1155 383 1512 427 adolescentibus

85 452 137 496 ad
171 453 451 510 religionem,
490 452 542 496 ad
565 454 730 511 probos
754 470 903 498 mores
928 454 1222 498 informandis
1248 471 1296 498 ea
1321 457 1510 511 ratione,

85 541 172 584 qua
205 541 401 583 aequum
435 538 500 568 est
534 525 801 584 christianis,
835 527 1009 585 publice
1033 528 1294 571 consultum
1316 529 1390 571 sit:
1418 529 1514 586 qui—

87 596 167 639 bus
201 612 253 639 ex
286 595 418 639 rebus
453 612 724 654 magnopere
758 598 920 655 pendet
954 599 1234 655 singularum
1268 599 1385 642 salus
1410 600 1514 642 civi-

85 679 243 710 tatum.
279 693 330 698 —
365 667 478 709 Item
512 666 837 710 catholicorum
873 668 1112 711 hominum
1147 684 1329 726 operam
1354 685 1405 712 ex
1428 669 1514 712 hoc

83 750 315 795 tamquam
348 738 607 794 angustiore
627 753 784 795 campo
809 739 988 796 longius
1014 755 1260 797 excurrere,
1280 741 1513 798 ipsamque

84 824 310 853 summam
358 809 681 867 rempublicam
730 811 982 868 complecti,
1016 813 1265 869 generatim
1306 812 1412 854 utile
1447 824 1513 854 est

82 893 215 939 atque
249 881 508 924 honestum.
551 882 789 925 Generatim
824 898 875 925 eo
902 882 1107 940 dicimus,
1132 885 1234 941 quia
1259 883 1365 926 haec
1391 899 1513 941 prae-

82 965 206 1009 cepta
238 953 403 996 Nostra
437 965 591 1010 gentes
627 955 857 996 universas
890 956 1131 1011 attingunt.
1178 955 1394 997 Ceterum
1428 970 1508 1012 po-

83 1036 167 1066 test
200 1022 361 1066 alicubi
393 1024 603 1080 accidere,
624 1037 686 1080 ut,
711 1026 915 1067 maximis
941 1026 1289 1083 iustissimisque
1314 1025 1365 1069 de
1390 1041 1513 1068 caus-

83 1095 156 1151 sis,
191 1094 513 1152 rempublicam
547 1111 789 1153 capessere,
837 1098 880 1139 in
932 1096 1285 1155 muneribusque
1319 1097 1511 1154 politicis

83 1168 260 1223 versari,
314 1182 597 1225 nequaquam
633 1168 847 1225 expediat.
882 1168 965 1211 Sed
1000 1171 1262 1225 generatim,
1314 1182 1361 1211 ut
1404 1168 1513 1212 dixi·

84 1254 200 1296 muS,
235 1239 404 1282 nullam
438 1240 549 1283 velle
584 1255 736 1283 rerum
771 1240 1051 1297 publicarum
1090 1254 1261 1298 partem
1295 1243 1511 1299 attingere

85 1324 176 1354 tam
209 1324 323 1354 esset
357 1312 402 1354 in
436 1312 560 1367 vitio,
596 1327 729 1369 quam
766 1312 875 1354 nihil
924 1311 977 1355 ad
1021 1327 1313 1355 communem
1348 1314 1511 1356 utilita-

83 1395 175 1425 tem
208 1382 361 1425 afferre
395 1381 546 1438 studii,
582 1382 694 1425 nihil
747 1398 934 1439 operae:
983 1399 1035 1425 eo
1084 1383 1153 1426 vel
1202 1384 1343 1440 magis
1389 1383 1512 1441 quod

82 1452 287 1495 catholici
322 1452 530 1495 homines
555 1453 708 1510 ipsius,
734 1468 867 1511 quam
893 1453 1177 1511 profitentur,
1202 1454 1510 1498 admonitione

82 1523 324 1580 doctrinae,
359 1523 411 1567 ad
446 1539 539 1566 rem
573 1525 746 1581 integre
781 1537 823 1567 et
872 1542 922 1567 ex
957 1524 1042 1568 fide
1076 1525 1318 1582 gerendam
1352 1526 1508 1583 impel-

82 1596 252 1639 luntur.
287 1595 473 1651 Contra,
508 1596 614 1652 ipsis
649 1597 821 1652 otiosis,
872 1595 996 1638 facile
1031 1596 1223 1639 habenas
1258 1598 1510 1654 suscepturi

84 1679 190 1709 sunt
223 1667 267 1723 ii,
301 1681 498 1724 quorum
533 1667 768 1724 opiniones
803 1683 926 1724 spem
962 1667 1114 1710 salutis
1149 1667 1266 1711 haud
1290 1683 1394 1710 sane
1418 1684 1510 1711 ma-

79 1753 213 1795 gnam
247 1737 443 1780 afferant.
477 1736 615 1795 quue
649 1750 764 1780 esset
788 1739 922 1782 etiam
944 1754 1046 1781 cum
1071 1740 1266 1795 pernicie
1291 1740 1506 1782 coniunc-

79 1821 176 1852 tum
210 1809 440 1853 christiani
473 1810 694 1853 nominis:
730 1822 963 1867 propterea
989 1810 1110 1868 quod
1140 1811 1387 1867 plurimum
1412 1827 1510 1869 pos-

80 1893 178 1924 sent
211 1883 286 1939 qui
319 1882 433 1924 male
467 1893 614 1924 essent
647 1882 692 1923 in
728 1881 968 1923 Ecclesiam
1019 1882 1216 1937 animati,
1266 1883 1509 1925 minimum

83 1954 161 2011 qui
181 1953 305 1997 bene.
341 1953 653 2007 Quamobrem
688 1955 974 2010 perspicuum
1009 1966 1087 2009 est,
1113 1953 1163 1996 ad
1190 1954 1512 2011 rempublicam

80 2023 272 2067 adeundi
307 2040 487 2067 causam
511 2040 604 2066 esse
629 2024 792 2066 iustam
817 2024 1060 2066 catholicis:
1086 2040 1177 2067 non
1202 2026 1323 2067 enim
1347 2024 1510 2068 adeunt

82 2112 226 2155 neque
259 2096 379 2141 adire
413 2097 576 2141 debent
611 2096 666 2140 ob
702 2112 798 2139 eam
824 2111 1017 2151 causam,
1052 2109 1101 2139 ut
1148 2096 1338 2154 probent
1383 2096 1504 2155 quod

80 2181 144 2211 est
179 2169 262 2211 hoc
295 2181 498 2227 tempore
533 2170 577 2211 in
614 2184 763 2211 rerum
814 2167 1093 2225 publicarum
1128 2168 1377 2211 rationibus
1413 2184 1504 2211 non

79 2239 350 2294 honestum;
385 2239 460 2283 sed
486 2252 533 2282 ut
559 2239 634 2281 has
670 2241 783 2296 ipsas
820 2240 1029 2294 rationes,
1055 2238 1202 2296 quoad
1227 2238 1321 2282 fieri
1345 2252 1507 2297 potest,

79 2311 121 2353 in
159 2310 329 2354 bonum
364 2309 593 2368 publicum
628 2309 894 2352 transferant
919 2311 1145 2352 sincerum
1170 2322 1301 2367 atque
1331 2326 1506 2365 verum,

78 2381 352 2425 destinatum
386 2383 537 2425 animo
573 2381 800 2437 habentes,
835 2383 1097 2438 sapientiam
1118 2383 1421 2439 virtutemque
1441 2397 1509 2424 ca-

77 2453 265 2497 tholicae
301 2453 545 2510 religionis,
581 2467 807 2511 tamquam
845 2453 1191 2496 saluberrimum
1242 2470 1425 2497 succum
1461 2469 1507 2496 ac

1443 2549 1483 2571 22
