1705 2787
668 113 929 148 *121-

85 208 206 252 enim
239 224 332 252 non
366 221 656 267 occupantur,
690 209 872 268 perinde
906 226 953 254 ac
990 210 1167 267 bestiae,
1212 210 1277 253 uti
1311 225 1378 253 res
1413 206 1511 254 nul-

83 280 182 325 lius.
218 307 272 313 —
304 281 399 325 Nec
432 281 582 324 minus
618 294 765 325 errant
798 283 843 339 ii,
878 284 954 340 qui
1003 283 1190 340 patriam
1239 293 1507 340 potestatem

83 364 291 410 repetunt
323 366 374 395 ex
402 359 536 409 pacm,
570 361 765 410 expresso
800 369 851 396 ex
886 366 1007 411 parte
1042 365 1296 411 parentum,
1319 354 1435 396 tacito
1460 368 1506 396 ac

75 430 338 481 praesumpto
372 438 424 465 ex
455 435 578 480 parte
614 422 859 467 liberorum
894 424 981 484 (1).
1017 426 1075 468 At
1109 424 1236 468 liberi
1259 425 1350 467 sive
1370 419 1508 468 velint

83 495 174 537 sive
209 493 354 537 nolint
378 493 567 536 naturali
592 492 782 537 subsunt
804 494 950 538 officio
977 495 1212 539 obediendi
1236 494 1512 553 parentibu8‚

84 576 126 608 et
147 565 192 608 hi
210 565 406 608 vicissim
426 564 617 608 naturali
633 577 843 609 tenentur
859 566 1132 623 obligatione
1147 566 1263 609 filios
1278 565 1509 610 educandi.

85 662 137 667 —-
172 635 329 693 Neque
363 649 413 677 ex
449 630 699 678 education'is
749 635 873 693 officio
908 649 1103 694 potestas
1138 649 1319 694 paterna
1370 637 1509 694 repeti

75 706 271 764 primitus
307 716 467 762 potest.
493 704 728 748 Manifeste
763 708 882 749 enim
918 707 1026 750 illud
1061 706 1277 750 educandi
1311 706 1509 750 officium

83 775 301 834 dependet
325 791 376 819 ex
395 774 673 819 antecedenti
698 774 812 819 facto
847 778 1162 834 generationis,
1184 804 1236 809 ——
1262 778 1407 821 Patria
1430 778 1512 835 igi-

83 860 155 891 tur
175 859 369 905 potestas
386 847 581 904 primitus
607 846 843 904 repetenda
868 860 932 890 est
957 864 1007 890 ex
1026 849 1315 905 generatione
1334 863 1380 890 ac
1400 849 1512 890 nati-

83 921 231 975 vitate,
269 918 513 962 secundario
547 930 696 961 autem
745 931 786 961 et
820 929 1101 977 consequenter
1150 936 1201 962 ex
1235 920 1510 963 educationis

82 990 244 1048 officio,
269 990 390 1049 quod
414 1007 465 1034 ex
488 991 776 1048 generatione
800 990 1017 1048 dependet
1042 990 1129 1050 (2).
1152 992 1233 1034 Hic
1260 1003 1325 1034 est
1349 991 1512 1049 duplex

82 1063 255 1120 titulus,
289 1064 333 1106 in
368 1078 458 1121 quo
481 1061 706 1106 fundatur:
734 1062 838 1105 haec
864 1075 928 1105 est
953 1062 1115 1120 duplex
1140 1065 1266 1120 ratio,
1292 1062 1348 1106 ob
1374 1079 1508 1121 quam

83 1135 180 1179 talis
215 1146 410 1192 potestas
444 1149 466 1177 a
499 1147 681 1177 naturae
716 1133 810 1191 lege
844 1134 1100 1191 parentibus
1136 1134 1378 1177 confertur.

175 1207 327 1259 Quare
376 1217 572 1263 potestas
623 1205 727 1248 haec
763 1221 839 1248 seu
877 1205 959 1248 hoc
995 1207 1063 1248 ius
1099 1218 1163 1248 est
1197 1207 1265 1249 ius
1310 1206 1509 1249 naturale

90 1279 313 1323 necessarii
345 1294 422 1321 seu
458 1277 688 1335 obligatorii
727 1279 926 1329 exercitii,
965 1294 1010 1320 ac
1046 1277 1232 1336 proinde
1268 1278 1510 1321 inalienabi-

83 1350 115 1393 le
139 1350 226 1409 (3).
252 1350 329 1392 Est
353 1350 473 1391 enim
498 1348 698 1392 medium
723 1364 799 1391 seu
826 1349 1181 1391 instrumentum
1207 1350 1508 1392 necessarium

83 1421 136 1465 ad
168 1419 448 1479 implendum
483 1420 682 1463 naturale
716 1420 1123 1478 gravissimumque
1159 1419 1357 1464 officium
1399 1419 1503 1464 edu-

83 1492 211 1536 candi
244 1492 431 1550 prolem.

170 1563 243 1608 III.
279 1564 480 1618 Quaeres
530 1563 581 1607 de
625 1564 858 1606 extensione
914 1578 989 1605 seu
1041 1562 1307 1620 amplitudine
1342 1563 1507 1619 patriae

83 1637 330 1695 potestatis,
365 1662 417 1667 —-
454 1636 530 1679 Est
554 1636 836 1694 inspectoria‚
873 1634 1095 1691 directim,
1122 1634 1351 1691 iudicialis,
1387 1650 1506 1678 exse-

154 1967 201 2008 (1)
222 1961 429 2007 Pufendorss
445 1962 488 1998 de
508 1962 569 1998 off.
584 1963 683 1998 horn.
703 1973 735 1998 et
753 1962 838 1997 civis
860 1961 879 1996 l.
901 1973 931 1997 2.
951 1974 979 1997 c.
1004 1974 1041 2007 3.,
1062 1973 1100 1998 ac
1121 1963 1146 1997 si
1168 1962 1325 1998 officium
1346 1962 1504 1999 naturale

81 2025 307 2071 praebendae
334 2024 557 2058 educationis
585 2032 679 2058 esset
707 2024 799 2057 basis
830 2035 867 2057 ac
897 2022 1416 2065 sumlamentuminsufficiens,
1446 2025 1505 2059 ait:

85 2097 101 2115 «
128 2085 266 2119 Deinde
295 2085 484 2130 imperium
512 2093 699 2130 parentum
727 2084 761 2116 in
790 2083 919 2117 liberos
950 2085 1050 2117 tacito
1072 2095 1200 2129 quoque
1220 2096 1378 2118 consensu
1394 2085 1506 2130 prolis

83 2145 253 2180 innititur.
280 2145 375 2179 Nam
401 2153 496 2179 recte
523 2144 771 2189 praesumitur,
801 2144 827 2177 si
848 2143 963 2177 infans
985 2156 1040 2185 eo,
1060 2155 1130 2189 quo
1150 2143 1308 2178 sublatus
1328 2153 1393 2187 est,
1411 2153 1505 2178 tem-

82 2216 168 2250 pore
195 2215 300 2238 usum
327 2204 475 2238 rationis
502 2204 699 2247 habuisset,
727 2215 765 2237 ac
794 2203 1043 2248 perspexisset,
1071 2203 1180 2237 vitam
1210 2215 1247 2237 se
1273 2204 1358 2238 citra
1376 2215 1504 2249 paren--

80 2273 158 2298 tum
186 2274 308 2298 curam
336 2274 375 2297 ac
402 2264 563 2297 iunctum
591 2263 655 2307 ipsi
684 2263 872 2307 imperium
913 2274 1054 2296 servare
1095 2274 1166 2295 non
1196 2274 1313 2307 posse,
1342 2262 1505 2297 lubenter

83 2322 180 2358 illam
207 2324 242 2356 in
270 2322 303 2356 id
331 2333 600 2364 consensuram,
628 2322 931 2366 commodamque
961 2322 1024 2355 sibi
1047 2321 1296 2356 educationem
1319 2335 1357 2357 ac
1374 2322 1503 2357 iisdem

83 2382 242 2416 vicissim
269 2381 378 2416 fuisse
407 2381 671 2427 stipulatumm.
698 2396 713 2413 υ

154 2442 201 2483 (2)
230 2438 285 2475 Cf.
311 2440 425 2482 Iouin,
453 2439 566 2474 Elem.
595 2438 679 2484 phil.
706 2449 818 2472 mon:
849 2439 1064 2481 liberatore,
1093 2439 1149 2472 Ius
1178 2450 1252 2474 soc.
1278 2451 1312 2473 n.
1342 2449 1396 2475 20.

154 2499 210 2545 (3)
238 2498 294 2534 Cf.
323 2510 440 2544 super.
468 2498 538 2532 vol.
567 2499 609 2532 11.
636 2509 714 2543 pag.
748 2496 801 2542 36.
