1705 2787
667 40 927 84 -181—

84 152 293 197 scientias
327 162 412 195 etc.
447 152 578 204 Quae
601 151 751 195 omnia
786 149 911 193 facile
944 159 1210 193 revocantur
1234 145 1287 191 ad
1312 145 1401 191 duo
1435 146 1509 190 illa

85 224 214 281 bona,
234 238 394 280 nempe
419 221 473 266 ad
497 231 711 265 externam
727 230 871 280 pacem
893 233 936 264 et
960 220 1012 264 ad
1024 220 1248 278 perfectam
1270 220 1376 262 vitae
1400 219 1509 276 suffi-

83 297 272 340 cientiam
295 293 383 353 (1),
418 309 521 336 cum
545 310 593 336 ea
616 293 836 351 probitate
860 308 1061 347 morum,
1085 307 1196 350 quae
1219 290 1273 334 ad
1296 290 1368 334 illa
1395 289 1509 333 bona

84 365 326 411 obtinenda
360 377 403 408 et
436 365 489 408 ad
534 366 878 408 convenientem
928 364 1151 407 humanae
1184 376 1368 407 naturae
1405 378 1509 406 con-

84 437 386 480 servationem
411 435 657 492 requiritur
682 433 769 492 (2)
797 461 849 464 —
875 432 1150 477 Huiusmodi
1180 432 1378 491 probitas
1414 448 1510 475 mo-

84 522 185 550 rum
220 507 455 549 constituit
490 505 774 548 honestatem
809 520 885 547 seu
921 505 1135 547 virtutem
1171 503 1376 547 civilem:
1412 518 1509 545 eam

84 580 162 637 qui
196 576 341 634 habet,
361 589 428 620 est
463 575 608 620 bonus
643 577 764 634 cnivis,
800 574 884 618 Sed
918 588 1091 633 praeter
1125 591 1223 618 eam
1259 575 1399 618 multa
1424 574 1505 618 alia

84 651 393 708 requiruntur,
427 661 477 692 ut
511 649 610 706 quis
645 649 701 690 sit
735 649 799 690 vir
846 646 989 690 bonus
1028 647 1291 705 simpliciter
1337 659 1379 690 et
1413 647 1508 689 sine

84 720 250 777 addito,
285 721 502 764 nimirum
540 718 683 762 bonus
719 735 803 777 qua
851 719 988 762 homo
1024 732 1111 763 est:
1148 719 1200 762 ad
1236 719 1320 762 hoc
1356 720 1502 777 requi-

85 794 212 844 ritur,
246 790 633 850 quemadmodum
668 790 785 834 idem
810 792 869 834 ait
894 792 1055 834 Suarez
1091 790 1179 849 (3),
1217 809 1237 831 «
1275 792 1506 848 integritas

84 879 264 907 morum
300 878 403 906 cum
438 861 588 905 debito
622 861 778 905 ordine
813 862 865 906 ad
900 864 1063 919 Deum,
1089 875 1312 920 quantum
1354 862 1507 905 lumen

85 934 283 979 naturale
318 933 466 978 dictat.
494 951 514 974 »

169 1008 222 1051 II.
257 1008 484 1050 Hactenus
519 1005 714 1050 diximus
765 1005 817 1049 de
869 1005 957 1050 fine
992 1006 1176 1064 proprio
1210 1022 1259 1049 ac
1295 993 1503 1064 proximo

82 1079 306 1122 societatis
342 1077 498 1121 civilis.
547 1076 684 1131 Quod
740 1090 891 1121 autem
940 1089 1108 1135 spectat
1152 1076 1203 1120 ad
1239 1076 1377 1120 finem
1412 1078 1505 1120 eius

84 1148 284 1204 ultimum,
319 1147 389 1190 hic
423 1148 579 1206 nequit
612 1164 706 1191 esse
740 1148 851 1191 alius
886 1146 937 1190 ab
972 1147 1064 1203 illo,
1099 1148 1175 1205 qui
1210 1159 1276 1190 est
1324 1147 1509 1190 ultimus

88 1234 238 1263 rerum
272 1219 480 1263 omnium
515 1217 631 1262 finis:
664 1231 730 1262 est
763 1219 930 1262 scilicet
963 1219 1085 1262 Deus
1130 1219 1315 1277 eiusque
1349 1217 1505 1275 gloria.

85 1290 269 1333 Politica
307 1290 525 1333 nimirum
559 1291 834 1334 consociatio
870 1302 935 1333 est
969 1302 1011 1332 et
1062 1290 1154 1347 ipsa
1209 1304 1351 1333 unum
1386 1306 1408 1332 e
1442 1301 1510 1332 tot

155 1465 209 1510 (1)
238 1464 294 1499 Ad
322 1458 410 1499 haec
438 1463 566 1499 clarius
594 1462 827 1510 intelligenda
862 1463 906 1499 cs.
947 1463 1197 1505 Aristotelem,
1223 1462 1364 1498 Politic.
1390 1464 1452 1497 III.
1479 1474 1511 1506 4.

83 1525 131 1560 lbi
161 1525 221 1568 ait,
248 1525 416 1559 homines
445 1533 615 1570 appetere
658 1524 872 1559 societatem
902 1524 1057 1567 civilem,
1098 1525 1207 1559 etiam
1246 1523 1386 1558 seclusa
1413 1524 1512 1558 omni

82 1584 233 1620 utilitate
259 1584 360 1629 (vide
387 1596 504 1630 super.
532 1596 615 1630 pag.
649 1595 700 1628 55.
730 1584 852 1619 adnot.
883 1585 947 1629 1.):
968 1593 1091 1619 tamen
1111 1583 1277 1618 conferre
1297 1583 1449 1618 multum
1469 1584 1511 1618 ad

81 1644 249 1679 homines
268 1644 304 1678 in
322 1643 416 1678 civili
436 1644 610 1678 societate
629 1644 905 1689 congregandos
922 1655 1155 1678 communem
1175 1642 1380 1685 utilitatem,
1400 1654 1508 1689 quam

81 1704 235 1739 societas
265 1703 376 1738 ”ivilis
404 1703 507 1738 affert
533 1712 608 1738 tum
638 1703 681 1738 ad
709 1704 786 1737 bene
812 1704 1006 1738 vivendum
1046 1712 1123 1737 tum
1153 1703 1195 1737 atl
1223 1703 1422 1737 tutandum.
1450 1704 1508 1738 Ad

82 1764 160 1798 bane
186 1763 384 1798 vivendum
403 1763 548 1809 quidem
568 1762 707 1797 confert
725 1763 891 1803 soc-ictam,
912 1763 994 1807 quia
1014 1762 1098 1796 dum
1115 1773 1205 1796 unus
1221 1770 1378 1807 praestat
1397 1774 1509 1796 unum

81 1822 242 1857 officium
268 1822 515 1857 necessarium
544 1821 586 1856 ad
615 1822 737 1863 vitam,
772 1821 860 1855 alius·
889 1820 994 1863 aliud,
1022 1832 1150 1855 omnes
1190 1821 1314 1855 vivunt
1354 1821 1445 1856 bene
1474 1830 1510 1856 et

80 1894 162 1917 cum
189 1880 346 1928 perfecta
374 1881 600 1916 sufficientia.
639 1881 695 1916 Ad
722 1880 906 1915 vivendum
948 1889 1079 1922 autem,
1109 1880 1190 1925 quia
1217 1881 1420 1915 communis
1447 1892 1509 1915 so-

83 1942 193 1976 cietas
221 1941 375 1976 multum
402 1940 542 1976 confert
569 1940 687 1975 auxilii
717 1941 759 1974 ad
787 1940 897 1974 vitam
925 1939 1212 1973 conservandam
1241 1948 1275 1974 et
1302 1940 1345 1974 ad
1363 1940 1509 1975 vitanda

81 2000 208 2034 mortis
236 1998 404 2045 pericula.
433 2019 475 2024 -—
504 1999 601 2045 Lege
629 1999 738 2034 etiam
767 2010 841 2043 cap.
874 2008 914 2041 5.,
938 1998 992 2031 ubi
1013 1997 1119 2032 tradit
1138 1997 1247 2031 finem
1267 1998 1420 2033 civitatis
1436 2011 1507 2033 non

79 2071 158 2093 esse
175 2058 291 2093 solam
306 2059 520 2093 societatem
534 2058 699 2093 bellicam
716 2058 750 2091 in
767 2058 892 2091 ordine
911 2058 952 2091 ad
970 2070 1007 2091 se
1024 2056 1291 2091 defendendum
1313 2058 1354 2092 ab
1373 2059 1508 2093 iniuriis

80 2118 251 2161 hostium,
280 2130 396 2164 neque
425 2117 540 2153 solam
560 2118 772 2152 societatem
794 2117 1119 2151 commutationem
1139 2126 1174 2151 et
1194 2118 1509 2152 commerciorum.

148 2176 205 2221 (2)
232 2177 325 2222 Apte
353 2175 581 2218 Aristoteles,
610 2175 750 2210 Politic.
780 2176 837 2209 ΙΙΙ.
870 2186 917 2217 5.:
958 2178 1106 2218 ’.ρκνερον
1134 2178 1186 2209 ὅτι
1212 2179 1263 2209 δεῖ
1282 2180 1358 2219 περὶ
1386 2179 1510 2220 ἀρετῆς

78 2237 236 2277 ἐπιμελὲς
261 2235 350 2269 εἶναι
375 2240 416 2278 τῇ
442 2237 525 2279 γ’(ἰ)ς
554 2238 689 2278 ἀληθῶς
717 2238 957 2277 ὀνομαζομένῃ
980 2237 1089 2275 πόλει,
1117 2238 1161 2277 μὴ
1181 2237 1290 2279 λόγου
1308 2239 1418 2280 χάριν.
1438 2237 1511 2271 Ma-

80 2293 249 2329 nifestum
277 2294 372 2340 quod
400 2295 539 2336 civitas,
569 2306 659 2339 quae
698 2305 821 2328 revera
865 2294 1072 2327 nominetur
1110 2294 1245 2337 civitas,
1286 2303 1319 2328 et
1362 2307 1435 2329 non
1461 2296 1509 2330 ita

84 2353 221 2388 dicatur
245 2354 477 2393 verbotenus,
505 2354 643 2388 virtutis
681 2365 803 2387 curam
831 2353 963 2387 habere
1004 2353 1144 2387 debere.
1174 2373 1215 2379 —
1245 2354 1378 2388 Recole
1403 2355 1511 2390 verba

84 2425 110 2448 s.
137 2413 303 2448 Thomu¹
332 2426 447 2459 super.
476 2413 579 2448 allata
609 2425 686 2455 part.
711 2425 783 2457 179.
804 2412 924 2447 adnot.
943 2422 1034 2454 2.,et
1065 2424 1091 2447 1.
1122 2424 1152 2448 2.
1180 2425 1212 2459 q.
1240 2424 1296 2460 94.
1324 2427 1353 2449 a.
1380 2425 1412 2457 4.

158 2474 215 2518 (3)
243 2474 327 2508 Loc.
356 2485 468 2519 nuper
496 2474 553 2508 cit.
579 2485 676 2506 num.
706 2474 736 2506 8.

1372 2555 1411 2579 12
