1705 2787
745 73 827 117 327

80 168 181 211 fecit
214 167 384 210 malum
403 168 590 211 morale:
616 179 657 210 at
677 166 778 210 licet
797 166 986 223 principi
1005 165 1120 208 civili
1146 164 1315 207 malum
1334 163 1496 207 inferre

81 239 317 296 physicum
351 238 390 280 ei
423 238 499 295 qui
547 239 735 295 patravit
783 237 953 279 malum
988 235 1171 278 morale.
1221 236 1371 291 Secus,
1406 250 1498 277 non

80 309 216 353 modo
249 324 393 366 poena
425 310 595 366 capitis,
629 308 704 351 sed
754 308 872 351 nulla
922 322 1103 365 prorsus
1154 321 1296 363 poena
1345 318 1495 363 posset

82 382 283 438 irrogari.
316 379 431 424 Illud
463 380 631 424 adverti
657 393 818 438 potest,
844 380 1144 422 intentionem
1170 379 1380 435 principis
1406 393 1497 420 non

83 454 308 511 quiescere
341 453 387 495 in
419 452 538 495 malo
572 453 706 508 illius7
741 451 792 495 de
827 467 916 509 quo
964 450 1205 493 vindictam
1239 451 1391 505 sumit,
1426 448 1501 491 sed

18 583 19 586 Ἴ
81 524 185 567 ferri
217 525 262 566 in
297 522 476 581 aliquod
501 523 686 579 bonum,
710 523 760 566 ad
785 522 905 580 quod
928 523 1184 579 pervenitur
1209 536 1283 578 per
1309 535 1500 578 poenam

83 593 393 650 malefactoris,
427 610 463 638 e.
487 610 527 651 g.
553 595 597 637 in
621 596 954 638 restitutionem
974 593 1158 649 ordinis,
1178 593 1498 635 cohibitionem

83 667 400 725 deliiiqtienti8‚
435 667 633 724 quietem
660 667 859 709 *aliorum
897 667 1061 709 civium
1095 677 1175 708 etc.
1210 665 1297 723 (Ι)

200 737 589 797 6)Ilomicidiun1
638 739 770 780 etiam
822 738 1007 794 simplex
1062 749 1258 779 meretur
1308 751 1500 792 poenam

84 812 252 868 capitis,
271 812 306 853 si
325 826 426 855 cum
446 810 844 867 praemeditatione
863 809 995 852 fuerit
1016 820 1334 865 perpetratum.
1360 807 1502 849 Maior

84 883 262 942 quidem
300 898 456 940 poena7
491 884 517 925 i.
538 899 572 924 e.
593 898 693 924 cum
721 884 875 924 maiori
913 880 1091 923 infami-„1
1115 892 1189 921 aut
1225 878 1379 921 dolore
1398 894 1502 920 con-

84 956 248 1010 iuncta,
272 954 445 1011 imponi
469 952 598 996 debet
622 955 689 1009 iis,
709 955 783 1013 qui
820 953 943 1010 plura
971 950 1213 995 homicidia
1246 963 1321 993 aut
1357 950 1501 992 homi-

85 1025 251 1069 cidium
276 1024 584 1083 qualificatum
608 1024 884 1067 admiserint.
907 1022 1044 1076 Quod
1069 1024 1104 1064 si
1129 1035 1319 1079 nequeat
1344 1020 1386 1064 id
1407 1020 1501 1063 fieri

85 1095 255 1154 (neque
289 1096 410 1137 enim
442 1109 617 1151 semper
653 1094 865 1137 omnibus
901 1094 1112 1150 gradibus
1139 1094 1293 1151 culpae
1314 1106 1503 1150 possunt

86 1166 248 1225 gradus
284 1181 454 1224 poenae
489 1165 540 1209 ad
560 1167 778 1208 amussim
814 1167 1212 1224 commensurari),
1232 1181 1323 1208 non
1343 1164 1506 1207 idcirco

87 1253 227 1296 poena
262 1239 420 1280 mortis
454 1238 618 1280 iniuste
654 1238 880 1294 irrogatur
916 1253 996 1294 pro
1032 1237 1223 1294 simplici
1258 1238 1389 1279 etiam
1426 1235 1504 1278 ho·

87 1307 292 1352 micidio:
329 1321 394 1352 est
428 1310 546 1351 enim
582 1308 826 1351 homicidio
862 1311 993 1352 etiam
1028 1309 1217 1365 simplici
1243 1308 1503 1364 proportio-

87 1393 200 1423 nata.
236 1379 351 1423 Illud
400 1396 504 1422 sane
550 1380 856 1436 recolendum,
893 1382 1170 1423 sanctionem
1223 1381 1265 1422 in
1307 1379 1383 1421 hac
1420 1380 1502 1421 vitai

87 1452 284 1506 initium,
318 1452 362 1494 in
398 1452 532 1494 altera
565 1453 653 1494 vitat
687 1453 1066 1510 complementum
1095 1451 1276 1494 habere:
1303 1465 1437 1508 quare
1461 1451 1505 1503 ii.

88 1523 165 1580 qui
198 1522 277 1564 hac
311 1523 355 1565 in
390 1523 477 1565 vita
512 1523 661 1566 minus
686 1539 819 1580 quam
853 1540 927 1581 par
953 1537 1017 1567 est
1052 1520 1318 1581 puniuntuiss
1343 1537 1505 1579 poenas

88 1593 278 1651 perfecte
313 1592 590 1651 adaequatus,
625 1596 710 1637 nisi
744 1597 1019 1653 resipiscant,
1042 1597 1163 1638 luent
1188 1597 1232 1638 in
1251 1595 1383 1637 altera
1403 1595 1505 1636 vita.

205 1665 247 1723 ε)
282 1666 491 1722 Princeps
526 1666 664 1708 civilis
689 1682 780 1708 non
808 1666 938 1708 habet
964 1665 1294 1708 malefactorem
1321 1677 1367 1707 ut
1398 1679 1506 1706 rem.

88 1738 245 1795 Neque
280 1739 398 1780 enirn
433 1737 630 1795 disponit
665 1737 716 1781 de
751 1740 890 1795 ipsius
926 1740 1012 1780 vita
1048 1739 1092 1780 in
1118 1738 1351 1794 proprium
1387 1750 1507 1778 com-

88 1809 276 1853 modum
310 1810 464 1868 (quod
499 1823 578 1868 est,
612 1810 778 1869 aliquid
825 1810 985 1853 habere
1037 1823 1083 1852 ut
1119 1825 1211 1852 rem
1226 1809 1260 1867 ),
1295 1824 1346 1851 eo
1381 1820 1508 1865 pacto

89 1897 177 1938 quo
207 1882 251 1924 in
273 1894 471 1924 nostram
493 1882 731 1925 utilitatem
755 1882 1035 1939 disponimus
1060 1881 1111 1924 de
1134 1882 1221 1923 vita
1247 1880 1506 1922 brutorum:

91 1951 217 1995 bruta
253 1951 434 2010 quidem
468 1965 572 1995 sunt
606 1965 787 2010 propter
813 1953 1060 2007 hominem,
1095 1953 1208 1994 cives
1233 1964 1381 1993 :tutem
1417 1965 1507 1992 non

90 2036 194 2067 sunt
227 2036 408 2081 propter
443 2025 704 2081 principem.
730 2026 787 2066 At
823 2025 927 2066 civis
963 2036 1026 2066 est
1051 2035 1230 2080 propter
1256 2024 1418 2075 Deum,
1443 2033 1507 2063 est

90 2107 268 2152 propter
303 2094 507 2138 ordinem
537 2111 614 2138 seu
665 2095 809 2152 legem
860 2096 1091 2149 moralem,
1127 2095 1252 2136 cuius
1303 2095 1507 2151 princeps

90 2166 243 2223 civilis⁷
277 2168 374 2210 Deo
408 2168 504 2224 ipso
539 2168 599 2209 sic
635 2166 914 2223 disponente,
950 2178 1014 2208 est
1039 2165 1253 2209 naturalis
1288 2177 1437 2207 custos
1462 2178 1508 2206 ac

90 2237 264 2281 vindex.
300 2238 344 2280 Si
388 2239 525 2294 igitur
560 2238 664 2280 civis
700 2250 844 2280 servat
870 2236 1090 2292 ordinem,
1116 2235 1290 2279 laudem
1315 2251 1360 2277 ac
1386 2250 1508 2292 prae-

161 2462 207 2497 (1)
234 2459 325 2493 Vide
352 2458 422 2493 vol.
451 2459 492 2493 11.
520 2471 599 2504 pag.
626 2470 684 2499 ος.
