1705 2787
751 50 1010 106 -482—

362 156 423 188 sit:
452 174 493 179 —
522 166 679 200 quonam
707 166 811 200 pacto
838 157 1002 203 princeps
1030 158 1141 194 civilis
1168 160 1273 195 debet
1301 172 1384 206 erga
1409 160 1486 196 illas

360 226 397 247 se
425 226 550 257 gerere
584 240 1486 256 ................
1517 220 1583 267 366

173 310 359 353 The-Sis
394 310 706 353 LXXXIII.-—
737 312 954 366 Quaenam
972 322 1145 371 poteslas
1163 317 1346 374 principi
1377 316 1489 360 civili

388 389 591 437 compclal,
629 391 820 439 quantum
855 385 908 426 ad
943 387 1036 427 iura
1063 394 1280 443 parentum
1304 386 1485 445 infilios,

392 452 581 508 inprimis
629 469 725 496 vcro
769 465 961 512 quantum
1011 457 1063 499 ad
1113 458 1175 500 ins
1226 458 1486 501 institutionis

391 523 714 583 edimztionisqitc
749 529 955 571 curamine
981 563 990 572 .
1055 564 1063 581 7
1128 565 1135 572 .
1203 564 1210 572 .
1277 564 1284 572 .
1351 564 1358 572 .
1424 563 1433 572 .
1499 532 1581 586 369

225 627 303 662 206.
330 631 668 667 Demonstratio.
696 653 737 657 —-
771 644 796 667 1.
826 634 904 668 Iura
931 635 1019 669 haec
1063 635 1226 680 princeps
1270 635 1381 670 civilis
1420 648 1493 670 non

365 690 435 723 iam
464 699 583 735 potest
611 692 674 725 sibi
703 693 835 727 directe
863 705 1043 738 usurpare,
1072 714 1114 719 -—-
1142 695 1204 729 sed
1245 695 1350 730 debet
1389 696 1492 737 tueri,

365 749 533 783 adiuvare
562 760 596 784 et
624 752 666 784 ad
693 764 886 786 commune
914 753 1050 786 bonum
1077 754 1358 787 coordinare.—
1380 764 1411 787 2.
1438 754 1493 788 Dc

364 807 497 841 seholis
524 809 672 853 publicis
700 811 912 855 aperiendis.
941 832 982 837 —
1010 813 1064 846 De
1092 812 1235 855 scholis,
1263 824 1353 858 quae
1372 813 1492 847 dicun-

362 879 417 903 tur
443 881 655 904 communes

177 964 365 1009 TheSiS
399 964 645 1007 LXXXIV.
666 991 718 995 —
748 966 965 1020 Quaenam
977 967 1159 1024 principi
1194 966 1306 1009 civili
1315 975 1489 1024 potestas

394 1044 583 1093 competat
616 1038 748 1093 quoad
773 1040 943 1095 pri-vata
975 1039 1128 1081 civium
1162 1038 1346 1081 dominia
1429 1073 1438 1081 .
1504 1052 1587 1095 372

223 1153 300 1187 207.
327 1145 665 1180 Demonstratio.
682 1165 728 1171 —
750 1157 777 1180 Ι.
806 1146 1028 1180 Reiiciuntur
1055 1145 1256 1179 sententiae
1285 1145 1496 1178 Communi-

362 1213 496 1238 starum
524 1223 566 1228 —
596 1214 630 1239 et
657 1205 939 1240 Socialistarum.
984 1224 1026 1229 —
1054 1205 1226 1238 Dominia
1253 1205 1389 1249 privata
1415 1213 1497 1239 sunt

367 1265 517 1299 omnino
544 1265 640 1299 licita
667 1285 708 1290 —
739 1277 777 1299 ac
804 1265 989 1300 naturalia.
1019 1283 1062 1289 —
1091 1275 1122 1298 2.
1149 1264 1239 1297 Hine
1267 1264 1432 1309 princeps
1450 1264 1499 1298 ci-

362 1323 443 1358 vilis
472 1337 543 1359 non
570 1334 691 1372 potest
718 1336 758 1359 ea
786 1325 919 1359 directe
946 1326 1118 1369 impetere
1147 1332 1205 1357 aut
1224 1323 1497 1366 violare,—sed

365 1383 471 1419 debet
497 1384 634 1430 legibus
663 1387 734 1419 suis
761 1387 850 1421 tueri
880 1395 914 1420 et
942 1386 1124 1427 adiuvare,
1160 1394 1264 1430 atque
1293 1385 1335 1419 ad
1363 1385 1498 1419 bonum

367 1455 560 1479 commune
589 1446 812 1480 coordinare.
840 1466 882 1470 —
912 1446 1011 1490 3.De
1039 1445 1267 1479 distinctione
1296 1445 1444 1479 dominii
1463 1445 1498 1478 in

362 1505 498 1539 humile
530 1517 563 1541 et
591 1506 713 1541 altum.
741 1526 783 1531 —
811 1507 865 1540 De
893 1506 1173 1551 praescriptione
1194 1529 1496 1539 ......
1549 1504 1581 1537 ib

229 1564 306 1597 208.
335 1564 553 1600 Scholion.
583 1584 625 1589 —
657 1576 684 1599 1.
714 1566 769 1599 De
796 1565 871 1598 iure
899 1565 1064 1599 testandi.
1109 1584 1151 1589 —
1188 1564 1387 1606 Quomodo
1430 1563 1498 1598 hoc

371 1623 423 1657 ius
452 1624 681 1669 impugnetur
709 1638 728 1659 a
772 1625 1034 1659 Communistis
1078 1634 1111 1659 et
1155 1637 1173 1659 a
1217 1624 1426 1659 Socialistis.
1453 1643 1495 1649 -—

370 1683 605 1728 Quantopere
634 1684 796 1729 princeps
824 1683 936 1718 civilis
964 1684 1092 1718 debeat
1111 1684 1164 1718 ius
1184 1684 1253 1718 hoc
1274 1684 1498 1718 revereri:—

371 1752 562 1786 quaenam,
589 1742 655 1776 hac
684 1743 792 1777 etiarn
819 1743 854 1775 in
881 1753 928 1783 re,
958 1753 1147 1787 supremae
1175 1743 1356 1778 autoritati
1398 1754 1499 1776 com—

368 1810 502 1845 petant.
532 1821 573 1826 —
603 1812 633 1836 2.
674 1803 859 1843 Quantum
904 1801 1019 1835 scelus
1064 1802 1118 1843 sit,
1161 1813 1217 1835 res
1259 1802 1339 1835 Deo
1382 1812 1500 1836 sacras

366 1859 521 1905 expilare
596 1886 1378 1895 ..............
1429 1870 1437 1878 ·
1487 1885 1497 1894 .
1526 1858 1592 1905 376

181 1955 368 1999 TheSiS
393 1954 618 1996 LXXXV.
644 1980 697 1985 —
722 1955 784 1997 De
809 1954 902 1997 aliis
928 1955 1133 2012 principis
1166 1954 1298 1997 civilis
1333 1954 1485 2012 officiis.
1510 1968 1594 2010 373

227 2071 306 2107 209.
333 2062 671 2097 Demonstratio.
700 2081 742 2086 —
774 2073 802 2096 1.
828 2062 945 2096 Debet
970 2062 1134 2107 princeps
1171 2059 1283 2094 civilis
1327 2060 1500 2105 impedire

367 2120 513 2154 iniurias
541 2131 585 2153 ne
614 2120 712 2162 fiant,
741 2131 872 2165 easque
899 2121 927 2154 si
955 2119 1075 2154 illatae
1104 2119 1234 2153 fuerint
1260 2130 1435 2164 reparare.
1457 2139 1501 2143 —

371 2189 401 2212 2.
432 2180 548 2214 Debet
577 2191 698 2214 curare
726 2181 955 2222 commercia,
983 2179 1106 2213 fovere
1126 2178 1328 2219 industriam,
1357 2188 1502 2222 promo-

371 2250 455 2272 vere
484 2249 587 2281 artes,
615 2239 815 2284 provehere
831 2240 1009 2281 scientias,
1029 2238 1168 2284 aliaque
1189 2237 1356 2271 adhibere
1371 2235 1502 2277 media,

373 2309 463 2343 quae
491 2300 693 2333 necessaria
721 2308 812 2341 sunt,
840 2308 875 2333 ut
893 2299 1005 2333 civilis
1025 2299 1179 2333 societas
1198 2298 1294 2331 bono
1314 2295 1386 2338 illo,
1407 2295 1503 2340 quod

376 2357 542 2399 intendit,
570 2357 750 2401 perfectae
769 2357 864 2392 vitae
887 2357 1120 2391 sufficientiae
1147 2357 1251 2402 plene
1279 2354 1489 2401 perfruatur.
1554 2347 1600 2387 ib.

238 2425 316 2448 210.
350 2416 568 2451 Scholion.
598 2436 640 2441 -—
668 2418 722 2450 De
751 2429 833 2451 cura
860 2428 1056 2461 pauperum
1082 2416 1247 2450 habenda
1264 2440 1506 2449 .....
1537 2414 1600 2458 378
