1705 2787
777 46 1037 88 mea-280«

199 167 286 194 non
313 151 476 193 directe
493 151 697 206 ponitur,
721 150 796 193 sed
821 152 1111 208 consequitur
1135 151 1324 195 aliunde.
1355 153 1471 196 Nam
1505 164 1610 196 tune

197 238 285 273 non
322 221 547 264 inducitur
581 221 881 277 principaliter
915 238 966 264 ex
999 233 1217 278 potestate
1250 222 1388 266 solius
1419 223 1611 280 proximi

197 289 582 349 legislatoris,sed
617 292 807 333 maxime
841 292 1004 334 virtute
1039 293 1120 334 Dei
1153 292 1240 351 (1).
1287 320 1338 324 —
1376 293 1458 351 6.⁰)
1507 293 1611 336 Non

195 362 384 406 intendit
417 363 618 418 prin-ceps
654 363 791 405 civilis
828 362 962 418 ligare
998 361 1081 404 sub
1115 376 1309 420 peccato.
1344 365 1610 408 Rnspoxsm.

198 434 259 475 lix
294 432 543 474 intentione
578 431 842 487 legislatoris
879 431 1052 488 pendet,
1088 448 1140 475 an
1166 434 1269 476 velit
1293 449 1441 476 revera
1475 435 1612 490 impe-

196 518 288 546 rare
323 515 363 544 et
398 518 546 544 veram
582 502 722 558 legem
760 502 965 558 condere,
1000 519 1053 546 an
1078 519 1182 546 vero
1206 504 1352 547 solum
1379 503 1611 547 ostendere

196 572 301 631 quid
336 573 553 616 conducat
589 573 640 616 ad
677 572 810 615 finem
846 574 939 616 sine
976 573 1065 616 ullo
1100 575 1301 631 imperio.
1337 573 1419 617 Sed
1444 575 1479 616 si
1509 575 1611 619 velit

197 646 311 687 serio
346 646 563 704 imperare
598 657 639 687 et
674 660 820 687 veram
847 645 987 701 legem
1014 644 1219 700 condere,
1245 661 1334 688 non
1359 658 1423 689 est
1448 647 1492 688 in
1519 647 1611 690 eius

197 704 417 777 potestate
448 715 662 773 impedire
697 717 803 773 quin
829 716 896 758 lex
921 715 1100 772 obliget.
1138 743 1189 747 ᾖ
1226 718 1306 774 7.“)
1340 717 1459 759 Alias
1495 716 1611 760 idern

198 776 426 842 peccatum
464 785 526 828 bis
562 786 810 844 puniretur,
845 786 980 828 semel
1014 786 1083 828 hic
1118 801 1138 827 a
1179 787 1375 843 principe
1416 787 1546 842 civili,
1572 798 1613 829 et

199 859 360 900 iterum
395 872 415 898 a
452 858 546 900 Deo
580 870 680 915 post
726 857 836 899 lianc
874 857 1109 900 mortalem
1153 859 1302 900 vitam.
1347 858 1612 901 Respoxsto.

200 930 302 972 Non
338 941 401 970 est
436 944 604 971 novum
640 941 713 972 aut
748 927 1005 983 absurdum,
1041 942 1088 971 ut
1124 928 1239 971 idem
1284 940 1514 985 peccatum
1550 926 1612 970 bis

199 1000 425 1056 puni-atur,
460 1014 598 1055 quum
634 998 781 1055 plures
817 997 1011 1040 offendit.
1047 998 1115 1040 Sic
1149 997 1264 1040 furta
1299 1010 1340 1040 et
1376 996 1614 1041 homicidia

200 1085 289 1112 non
325 1070 473 1112 solum
509 1070 758 1127 puniuntur
793 1085 815 1111 a
848 1071 959 1125 Deo,
993 1068 1068 1112 sed
1104 1070 1235 1111 etiam
1275 1085 1298 1111 a
1331 1070 1608 1125 magistratu.

199 1142 294 1183 Hoc
316 1153 458 1198 pacto
495 1140 680 1183 habetur
716 1140 876 1198 duplex
920 1141 1104 1196 sanctio,
1149 1142 1295 1197 primo
1329 1140 1535 1183 inchoata
1569 1141 1612 1183 in

201 1210 278 1254 hac
313 1212 414 1267 vita,
450 1210 607 1263 deinde
642 1210 830 1267 perfecta
865 1212 908 1252 in
943 1210 1077 1252 altera
1111 1212 1211 1252 vita.
1258 1236 1310 1241 —
1347 1210 1427 1268 8⁰)
1472 1210 1613 1266 Magis

200 1270 365 1337 obligat
401 1282 699 1324 minutissima
726 1282 791 1323 lex
825 1281 985 1337 divina,
1011 1295 1143 1338 quam
1168 1281 1426 1337 gravissima
1460 1280 1614 1323 huma-

201 1368 268 1396 na.
304 1344 388 1396 Sed
423 1354 723 1397 minutissima
751 1352 912 1408 divina,
937 1368 1021 1409 qua
1046 1351 1309 1408 prohibetur
1333 1352 1613 1396 mendacium

201 1423 466 1481 officiosum,
500 1425 649 1467 solum
683 1424 848 1481 obligat
873 1425 1189 1467 conscientian]
1216 1424 1297 1467 sub
1333 1437 1510 1482 peccato
1544 1441 1615 1468 ve-

202 1495 320 1538 niali.
356 1497 473 1552 Ergo
500 1485 768 1552 ¹gravissima
804 1495 998 1538 humana
1024 1494 1105 1537 sub
1136 1495 1259 1537 nullo
1295 1495 1475 1552 obligat.
1508 1496 1617 1540 RES-

201 1579 373 1608 PONsio.
409 1565 550 1607 Maior
585 1565 825 1622 praemissa
858 1576 1003 1620 potest
1037 1564 1226 1621 intelligi
1250 1563 1496 1621 dupliciter.
1522 1566 1616 1608 Pri-

200 1651 276 1691 mo,
312 1635 430 1693 quod
466 1636 772 1678 minutissima,
806 1635 873 1677 lex
906 1635 1052 1678 divina
1086 1636 1226 1691 magis
1262 1634 1444 1691 obliget,
1469 1634 1511 1678 id
1536 1648 1615 1691 est,

202 1706 274 1748 sul]
310 1708 458 1749 maiori
484 1714 660 1764 peccalo,
699 1721 831 1763 quam
867 1707 1125 1762 gravissima
1160 1706 1369 1748 humana.
1405 1706 1473 1748 Sic
1512 1705 1615 1748 falsa

202 1789 280 1819 est.
318 1777 514 1828 Secundo,
552 1775 672 1833 quod
718 1777 874 1831 magis,
909 1775 951 1818 id
986 1788 1066 1831 est,
1118 1775 1276 1822 firmius
1312 1791 1393 1818 nos
1432 1775 1613 1833 obliget.

271 1941 316 1977 (1)
346 1937 396 1969 Ita
423 1937 518 1969 idem
547 1937 688 1973 Suarez,
729 1937 785 1981 qui
828 1937 933 1971 addit:
976 1950 991 1967 «
1020 1938 1213 1982 Postquam
1255 1937 1493 1980 transgressio
1528 1936 1615 1982 legis

202 1995 291 2030 sacta
319 2005 382 2037 est,
409 2007 482 2029 non
510 2006 662 2041 oportet,
691 2005 729 2030 ut
755 1996 938 2040 legislator
965 1997 1142 2031 humanus
1182 1997 1295 2042 possit
1334 1997 1514 2031 remittere
1542 1997 1617 2031 cul-

201 2067 282 2100 pam
310 2056 344 2089 in
373 2055 430 2090 illa
457 2057 743 2101 transgressione
772 2058 1015 2099 commissam,
1052 2067 1227 2103 quatenus
1256 2066 1378 2091 contra
1406 2058 1522 2091 Deum
1553 2067 1615 2099 est,

202 2115 293 2158 qnia,
322 2124 357 2148 ut
386 2115 445 2156 sic,
469 2114 527 2149 'est
556 2115 699 2150 alterins
729 2117 862 2151 ordinis
892 2126 925 2151 et
952 2117 1107 2150 maxime
1133 2115 1309 2161 repugnat
1336 2115 1405 2161 legi
1435 2126 1616 2152 aeternae.

202 2173 337 2208 Poterit
367 2183 486 2208 autem
513 2175 609 2208 idem
637 2175 820 2220 legislator
847 2177 1029 2210 remittere
1048 2175 1143 2210 illam
1171 2177 1509 2220 transgressionem,
1531 2188 1615 2222 qua-

203 2241 304 2266 tenus
332 2233 366 2266 in
395 2245 497 2267 suam
524 2234 765 2269 offensionem
793 2245 826 2270 et
854 2236 1017 2269 iniuriam
1045 2236 1138 2269 cedit
1165 2244 1199 2269 et
1226 2245 1488 2281 consequenter
1509 2237 1618 2271 etiam

203 2301 321 2335 potest
348 2293 530 2326 remittere
559 2303 694 2329 reatum
722 2306 861 2340 poenae
890 2307 952 2340 per
979 2307 1081 2329 suam
1108 2295 1227 2341 legem
1255 2296 1386 2329 directe
1415 2296 1616 2341 impositae,

203 2351 284 2395 quia
299 2351 386 2385 haec
404 2354 524 2387 omnia
544 2364 756 2398 permanent
774 2355 809 2388 in
829 2355 959 2388 eodem
979 2355 1103 2388 ordine
1123 2364 1156 2388 et
1175 2355 1354 2400 pertinent
1370 2355 1412 2389 ad
1430 2356 1616 2400 proprium

203 2409 256 2442 ius
284 2410 391 2454 ipsius
428 2413 579 2455 proximi
608 2412 869 2458 legislatoris.»
