1705 2787
651 97 703 113 r:-
738 83 819 138 411'
861 100 911 114 ..ἑ

73 189 272 250 profecto
306 201 371 232 est
405 204 451 232 ac
487 188 697 232 socialem
747 202 943 232 mortem
993 189 1056 232 illi
1105 189 1282 233 afferre:
1335 188 1497 232 amissa

73 265 196 306 enim
230 260 589 319 independentia‚
624 263 710 303 iam
744 262 931 304 societas
967 262 1105 304 civilis
1132 277 1223 304 non
1248 274 1313 304 est
1339 274 1496 318 status,

77 333 151 377 sed
186 348 285 390 pars
319 345 461 375 status
496 333 695 376 aiicuiuS.

160 402 381 457 Secundo,
417 403 501 446 hoc
536 416 601 446 est
634 404 828 446 cuiusvis
864 415 1004 446 status
1055 403 1269 459 officium,
1305 399 1494 447 revereri

72 476 271 520 dominia
306 486 349 517 et
383 475 676 531 proprietates
711 474 899 516 aliarum
934 476 1155 530 gentium.
1189 473 1236 517 Id
1261 487 1410 517 autem
1436 473 1496 516 ef-

71 547 202 590 ficere
237 544 382 600 debet,
415 559 507 587 non
542 560 595 587 eo
629 543 859 588 dumtaxat
894 545 1045 601 modo,
1081 561 1172 603 quo
1207 547 1411 603 princeps
1436 548 1494 588 ci-

70 619 169 662 vilis
204 629 381 661 tenetur
415 615 613 659 dominia
648 617 813 659 civium
849 618 1053 671 revereri,
1102 617 1177 660 sed
1227 633 1275 660 ea
1310 619 1496 673 ratione,

71 704 157 748 qua
181 689 287 731 civis
312 686 441 730 debet
465 687 646 730 alterius
672 681 776 730 'civis
803 689 1120 744 proprietatem
1146 688 1351 730 revereri.
1378 688 1494 731 Nam

71 760 260 818 principi
294 759 339 801 in
375 757 488 800 bona
523 758 687 800 civium
714 760 929 815 competit
953 758 1207 801 dominium
1233 758 1372 801 altum.
1396 759 1494 801 Hoc

70 846 178 874 vero
212 830 353 873 altum
387 828 643 872 dominium
679 829 790 872 nulli
826 830 960 872 statui
1003 831 1218 887 competit
1253 832 1296 873 in
1333 829 1489 873 ordine

72 902 123 946 ad
150 903 254 945 alias
288 913 466 958 gentes:
503 915 661 943 omnes
697 901 815 943 enim
836 913 992 948 status,
1013 903 1047 942 si
1082 917 1231 944 revera
1257 903 1345 944 sint
1371 902 1494 956 tales,

70 986 175 1017 sunt
196 973 266 1016 sui
299 972 407 1015 iuris
442 984 483 1014 et
518 987 569 1014 ex
604 986 746 1029 aequo
782 970 1145 1028 independentes.

114 1083 117 1085 ,
159 1044 332 1099 Tertio,
368 1057 662 1101 unaquaeque
696 1058 804 1100 gens
839 1042 968 1086 debet
992 1043 1044 1085 ab
1078 1045 1129 1086 iis
1164 1044 1334 1088 actibus
1360 1044 1491 1087 absti-

74 1131 194 1172 nere,
228 1116 304 1174 qui
338 1115 521 1158 alterius
555 1115 702 1171 gentis
735 1114 1106 1172 tranquillitatem
1142 1116 1403 1173 perturbent
1428 1117 1495 1159 vel

73 1188 416 1245 prosperitatem
451 1198 666 1229 evertant.
702 1185 835 1228 Tales
874 1200 1021 1229 essent
1054 1200 1176 1230 actus
1211 1187 1403 1230 confinia
1438 1188 1496 1231 al-

72 1260 212 1320 terius
244 1259 389 1315 gentis
424 1259 628 1315 ingressu
679 1257 983 1300 multitudinis
1032 1272 1225 1302 armatae
1274 1259 1492 1302 violandi:

70 1332 178 1373 item
198 1342 322 1373 actus
341 1328 560 1373 excitandi
584 1342 659 1372 aut
683 1328 860 1372 fovendi
885 1331 1117 1373 intestinas
1142 1332 1185 1373 in
1210 1332 1343 1374 altera
1364 1344 1494 1387 gente

73 1399 315 1444 discordias
349 1413 391 1456 et
425 1399 714 1443 rebelliones:
750 1414 925 1442 necnon
960 1414 1082 1443 actus
1117 1401 1403 1458 impediendi,
1440 1417 1494 1444 ne

68 1473 206 1515 altera
239 1487 347 1528 gens
381 1470 613 1515 industriis
647 1484 722 1533 aut
767 1474 1039 1515 commercio
1074 1472 1145 1516 det
1194 1489 1390 1531 operam,
1427 1474 1494 1517 vel

65 1545 246 1588 alterius
280 1544 426 1601 gentis
461 1544 653 1586 amicitia
688 1556 729 1587 et
764 1543 963 1587 subsidio
999 1544 1265 1601 perfruatur,
1319 1546 1402 1600 vel,
1440 1559 1488 1588 ut

65 1616 205 1659 multa
241 1617 388 1673 paucis
424 1615 569 1658 verbis
594 1616 1037 1672 complectarm1r‚';1d
1064 1618 1207 1659 maius
1233 1619 1483 1660 incremen-

66 1701 164 1731 tum
199 1689 508 1744 maioremque
558 1686 880 1744 perfectionem
915 1704 959 1729 se
1010 1688 1138 1730 licitis
1175 1688 1332 1731 mediis
1385 1705 1486 1745 pro-

66 1771 258 1802 moveat.

156 1831 348 1886 Quart0,
382 1829 569 1889 quilibet
603 1842 743 1873 status
792 1830 843 1873 ab
879 1832 929 1874 iis
964 1832 1096 1874 etiam
1146 1830 1316 1874 actibus
1362 1831 1491 1874 debet

66 1900 305 1957 abstinere,
329 1903 404 1958 qui
428 1900 575 1944 forent
600 1903 862 1945 exercitium
889 1902 1208 1945 iurisdictionis
1233 1904 1278 1946 in
1305 1905 1489 1960 regione

65 1987 156 2015 non
191 1988 286 2015 sua.
323 1972 457 2016 Tales
492 1986 639 2016 essent
672 1987 795 2016 actus
830 1989 875 2015 se
916 1974 1198 2016 immiscendi
1232 1975 1277 2016 in
1312 1975 1491 2031 politica

64 2043 246 2086 alterius
281 2054 423 2087 status
457 2044 860 2099 administratione,
897 2058 972 2087 aut
998 2045 1269 2102 impediendi
1295 2062 1349 2088 ne
1371 2048 1491 2103 prin-

65 2128 165 2170 ceps
200 2114 383 2158 alterius
407 2127 549 2157 status
573 2116 616 2158 in
643 2130 830 2158 suorum
856 2116 1024 2157 iurium
1050 2117 1259 2158 exercitio
1285 2117 1341 2158 sit
1366 2116 1490 2159 liber.

158 2186 350 2242 Quinto,
385 2187 571 2245 quilibet
606 2200 747 2229 status
770 2187 822 2229 ab
847 2187 1038 2230 aliorum
1064 2200 1264 2231 statuum
1284 2188 1491 2245 subditis,

63 2258 154 2300 sive
189 2258 234 2301 in
269 2274 460 2315 persona
494 2260 585 2301 sive
630 2260 674 2302 in
711 2260 884 2302 honore
929 2260 1018 2302 sive
1054 2262 1098 2302 in
1142 2259 1290 2315 rebus,
1326 2261 1491 2303 iniuste

63 2327 286 2372 laedendis
321 2329 451 2372 debet
485 2344 638 2372 cavere
681 2345 814 2387 quam
850 2332 1056 2373 maxime.
1103 2330 1225 2373 Sicut
1260 2331 1380 2373 enim
1414 2332 1490 2388 qui

66 2399 197 2443 laedit
239 2416 444 2456 manum,
479 2416 555 2459 per
601 2416 883 2459 consequens
929 2402 1059 2444 laedit
1095 2417 1284 2458 corpus3
1320 2402 1378 2443 ita
1415 2403 1492 2458 qui

65 2469 270 2522 membro
304 2484 445 2515 status
480 2471 664 2514 alicuius
715 2485 859 2527 nocet,
896 2488 971 2530 per
1021 2487 1300 2530 consequens
1338 2473 1487 2530 ipsum
