1705 2787
805 71 1065 103 —212-

317 168 409 210 166.
444 166 675 211 SCHOLION
709 165 740 210 Ι.
776 166 954 211 Falsum
990 167 1126 223 igitur
1161 180 1226 212 est
1260 165 1317 226 id,¹
1352 165 1474 228 quod
1493 180 1646 214 nostra

223 237 301 282 hac
327 253 465 283 aetate
492 238 712 282 affirmant
736 239 963 296 permulti,
998 239 1315 283 democratiam
1342 255 1435 282 esse
1461 240 1643 283 unicam

222 310 413 354 formam
448 311 707 368 legitimam,
743 312 768 354 i.
804 327 839 354 e.
875 327 896 354 a
931 311 1120 355 naturali
1156 311 1251 370 lege
1286 311 1526 355 admissam
1563 327 1639 356 seu

222 383 525 440 approbatam.

309 455 340 498 I.
377 456 594 511 Curnam,
629 458 905 515 quaerimus,
940 472 961 500 a
996 457 1189 500 naturali
1224 456 1319 513 lege
1356 457 1644 502 reficerentur

222 526 327 568 aliae
356 525 539 583 formae,
564 527 833 571 democratia
868 541 1043 571 tantum
1080 528 1287 585 recepta?

310 599 622 656 Respondent:
649 602 751 658 quia
776 601 882 643 aliae
906 600 1088 656 formae,
1113 616 1159 642 ac
1185 600 1445 657 praesertim
1466 614 1643 644 monar—

221 670 331 726 chia,
358 671 471 714 fiunt
511 686 759 729 corruptae,
784 672 975 716 evadunt
995 688 1236 730 perversae.
1262 699 1315 703 --
1341 672 1513 715 Verum
1537 671 1643 715 haec

221 743 451 799 corruptio
485 742 553 785 vel
579 745 819 800 perversiO,
844 756 893 786 ut
917 744 959 785 in
996 742 1259 785 monarchia
1288 755 1329 785 et
1353 743 1641 798 aristocratia,

224 814 279 855 ita
315 815 574 871 contingere
608 827 754 872 potest
789 817 919 858 etiam
967 817 1009 858 in
1045 814 1327 858 democratia.
1362 817 1642 872 Παρεκβάσεῑς

221 888 264 928 δὲ
301 895 381 929 τῶν
405 889 625 944 εἰρημένων
659 891 838 944 τυραννὶς
870 891 941 944 μὲν
975 889 1194 944 βασελείας,
1228 888 1442 943 ὀλιγαρχία
1465 889 1509 929 δὲ
1530 890 1641 942 ἀρισ-

222 960 449 1013 τμκρατίας.
484 961 735 1015 δημοκρατία
768 963 811 1002 δὲ
844 961 1059 1009 πολιτείοις.
1086 958 1395 1014 Digressiones
1415 967 1563 999 autem
1588 954 1640 998 ab

223 1028 288 1079 iis,
325 1044 436 1086 quae
471 1028 610 1072 dictae
645 1043 749 1072 sunt
775 1029 1040 1087 reipublicae
1065 1027 1439 1072 administrandae
1457 1026 1640 1082 formae,

222 1112 325 1142 sunt
360 1102 559 1157 tyrannis
594 1101 774 1159 quidem
810 1118 832 1144 a
866 1118 1020 1158 regim,
1046 1100 1283 1158 oligarchia
1309 1110 1458 1142 autem
1486 1098 1537 1142 ab
1557 1100 1639 1141 ari-

221 1172 443 1227 stocratia,
477 1171 746 1215 democratia
778 1188 883 1216 vero
918 1188 939 1215 a
975 1173 1140 1229 politia.
1167 1173 1229 1214 Ita
1255 1170 1516 1213 Aristoteles
1541 1169 1637 1228 (1):

222 1258 301 1298 pro
336 1259 440 1300 quo,
466 1256 514 1286 ut
549 1259 599 1286 ex
623 1243 820 1287 adductis
855 1244 1000 1287 verbis
1026 1256 1157 1300 patet,
1180 1245 1431 1300 δημοκρατία
1456 1254 1520 1284 est
1543 1256 1638 1298 per-

218 1316 361 1357 versio
396 1316 485 1358 sive
521 1317 749 1372 corruptio
784 1316 1092 1369 democratiae,
1127 1315 1342 1356 nimirum
1377 1312 1633 1355 ochlocratia.

221 1385 358 1438 Quod
393 1402 473 1428 nos
509 1386 651 1429 dicere
702 1388 913 1443 solemus,
962 1386 1293 1439 democratiam,
1337 1382 1637 1440 Philosophus

220 1458 367 1514 potius
402 1458 604 1514 appellat,
632 1458 831 1515 politiam,
866 1459 892 1501 i.
928 1474 962 1500 e.
988 1457 1189 1514 politiam
1214 1456 1285 1514 (ea
1311 1457 1430 1498 enim
1455 1467 1520 1498 est
1553 1470 1639 1498 vox

220 1529 459 1587 generalis)
510 1530 718 1586 peculiari
763 1530 913 1573 modo.
958 1557 1010 1561 —
1050 1530 1169 1571 Haec
1211 1540 1360 1570 autern
1406 1527 1636 1584 corruptio

221 1600 287 1642 vel
321 1602 546 1657 perversio
582 1618 672 1644 non
707 1603 849 1644 oritur
877 1610 950 1658 per
984 1617 1039 1653 sa,
1068 1617 1118 1643 ex
1142 1600 1381 1642 intrinseca
1401 1599 1571 1641 ratione
1595 1608 1638 1641 et

221 1683 376 1714 natura
410 1671 577 1715 formae
612 1673 919 1716 monarchicae
958 1673 1026 1716 vel
1062 1671 1385 1715 aristocraticae
1409 1669 1477 1712 vel
1505 1670 1635 1712 etiam

220 1740 555 1797 democraticae,
590 1742 664 1786 sed
690 1752 765 1801 per
799 1743 1001 1798 accidens,
1035 1759 1086 1785 ex
1119 1740 1256 1784 abusu
1282 1740 1354 1799 (2)
1369 1756 1444 1783 seu
1470 1740 1636 1782 malitia
1693 1747 1698 1750 '

221 1829 392 1865 eorum,
428 1815 502 1871 qui
536 1815 580 1856 in
614 1814 757 1871 aliqua
793 1830 843 1856 ex
881 1812 1112 1870 praedictis
1162 1812 1316 1854 formis
1365 1810 1635 1867 gubernium

220 1884 460 1941 possident.
511 1886 603 1938 Qui
638 1886 802 1927 scilicet
851 1884 916 1927 vel
966 1884 1295 1937 ‘obliviscuntur
1340 1882 1471 1924 huius
1516 1882 1635 1938 prin-

219 1957 334 2012 cipii,
368 1957 437 1999 vel
468 1956 576 1999 illud
611 1958 655 1999 in
690 1958 859 2013 praxim
893 1972 983 1998 non
1029 1954 1253 1998 deducunt
1297 1952 1383 2011 (3):
1422 1971 1441 1993 «
1477 1954 1635 2010 Neque

220 2026 310 2069 ullo
348 2040 473 2083 pacto
510 2027 901 2082 committendum,
927 2027 1058 2068 unius
1079 2038 1140 2082 ut,
1163 2025 1231 2068 vel
1250 2038 1494 2081 paucorum
1515 2038 1635 2065 com—

224 2094 360 2138 modo
395 2098 554 2139 serviat
590 2097 729 2140 civilis
764 2096 1020 2151 auctoritas,
1055 2111 1155 2138 cum
1189 2093 1240 2137 ad
1276 2108 1516 2135 commune
1540 2107 1636 2135 om-

292 2279 347 2323 (1)
375 2279 516 2313 Politic.
547 2280 568 2313 1.
596 2281 656 2313 ΙΙΙ.
685 2292 713 2313 c,
746 2291 772 2322 5.
801 2291 898 2314 num.
924 2289 955 2320 4,
985 2278 1066 2312 edit.
1093 2277 1214 2311 Didot.

289 2338 344 2382 (2)
371 2338 429 2371 Nil
457 2347 510 2372 est
537 2348 608 2372 tam
631 2340 666 2372 in
685 2350 722 2372 se
751 2339 888 2372 bonum
917 2346 949 2370 et
971 2345 1143 2376 sanctum,
1172 2347 1242 2380 quo
1269 2335 1435 2369 homines
1464 2334 1508 2367 ob
1537 2345 1638 2368 suam

218 2396 391 2430 malitiam
421 2398 514 2430 abuti
544 2407 734 2441 nequeant,
766 2407 799 2431 et
825 2397 867 2430 de
895 2396 988 2430 facto
1015 2407 1087 2429 non
1118 2395 1304 2428 abutantur

288 2456 343 2502 (3)
373 2457 487 2491 Yerha
517 2466 596 2491 sunt
624 2457 754 2491 Leonis
782 2456 877 2491 XIII.
906 2456 940 2490 iu
971 2456 1069 2500 epist.
1097 2465 1209 2499 nuper
1236 2454 1281 2488 cit
