1705 2787
98 220 272 253 mentes
306 207 360 252 ad
412 209 562 251 Deum
615 219 790 250 mature
824 217 1086 250 convertant
1133 204 1222 265 (1),
1276 205 1418 264 deque
1453 205 1520 263 iis,

93 295 205 339 quae
240 278 292 323 ad
327 278 591 336 religionem
627 279 866 336 pertinent,
899 278 1139 334 instruant,
1173 288 1216 320 et
1249 275 1301 320 ad
1350 277 1515 333 Deum,

94 365 143 397 ut
176 367 252 411 par
287 363 368 407 est,
402 349 641 393 colendum
677 349 888 393 omnibus
923 347 1068 392 modis
1102 348 1296 392 alliciant
1329 347 1445 407 (2).»

179 422 254 466 III.
289 421 401 465 Haec
438 419 627 479 filiorum
669 420 850 463 educatio
904 420 1123 463 commissa
1170 428 1224 463 est
1256 420 1299 462 in
1334 418 1510 462 solidum

83 492 339 553 parentibus,
375 492 446 550 qni
476 489 600 533 simul
632 491 857 533 coniunctis
892 492 1002 534 curis
1037 506 1125 534 eam
1163 499 1393 548 procurare
1445 489 1513 532 de-

90 565 192 608 bent.
227 589 280 595 --
317 580 338 603 «
393 562 444 605 In
478 560 622 618 specie
658 560 866 616 humana,
901 562 1046 618 inquit
1099 576 1132 602 s,
1188 559 1391 603 Thomas
1426 559 1514 618 (3),

90 634 254 678 femina
287 632 475 675 minime
508 629 731 673 sufficeret
784 630 870 673 sola
902 629 954 674 ad
988 630 1125 688 prolis
1180 629 1512 686 educationem,

90 721 192 749 cum
228 703 465 747 necessitas
499 701 720 744 humanae
754 702 868 744 vitae
893 701 1033 744 multa
1057 702 1267 759 requirat,
1301 716 1413 759 quae
1437 715 1514 758 per

91 792 233 822 unum
266 775 413 819 solum
448 774 590 832 parari
625 789 716 816 non
751 786 941 831 possunt
975 808 984 816 .
1020 808 1028 816 .
1065 808 1073 816 .
1107 774 1214 817 Non
1237 785 1386 816 autem
1411 772 1514 816 huic

91 848 252 892 rationi
286 845 446 902 obstat,
481 843 602 903 quod
635 843 780 902 aliqua
815 844 975 887 mulier
1009 845 1100 887 suis
1155 842 1319 888 divitiis
1353 856 1512 902 potens

87 1076 198 1107 senso3
225 1074 311 1109 pure
338 1061 410 1097 mal
437 1070 582 1097 accorto
610 1061 802 1096 educatore
830 1064 848 1096 e
877 1062 980 1104 colui,
1009 1062 1075 1096 che
1103 1075 1123 1097 a
1150 1062 1206 1096 chi
1233 1073 1307 1096 non
1334 1070 1436 1096 sente
1457 1074 1508 1097 ra-

89 1125 209 1169 gione,
236 1123 351 1157 ricusa
379 1121 426 1167 gli
454 1121 587 1156 stimoli
615 1121 647 1155 di
675 1132 789 1155 onore
819 1132 837 1155 e
863 1122 1038 1166 vitupero,
1068 1134 1085 1155 a
1114 1121 1262 1154 chinon
1279 1129 1380 1156 sente
1398 1132 1512 1155 onore

89 1184 275 1229 risparmia
301 1183 311 1217 i
338 1182 473 1227 digiuni
501 1193 520 1215 e
546 1180 579 1216 la
605 1180 730 1216 sferza.
758 1181 872 1215 Senza
901 1181 984 1216 fallo
1003 1193 1094 1215 sono
1116 1182 1231 1227 questi
1251 1181 1365 1215 ultimi
1386 1182 1511 1223 mezzi,

88 1246 133 1278 n'e
161 1244 281 1278 denno
308 1242 421 1277 usarsi
454 1241 572 1275 finche
600 1240 678 1275 altri
717 1252 895 1286 possono:
924 1253 981 1275 ma
1008 1252 1074 1275 son
1102 1241 1215 1275 mezzi
1242 1240 1355 1275 anche
1383 1241 1509 1286 questi,

89 1305 134 1337 ne
162 1303 328 1337 debbono
356 1300 550 1336 escludersi
578 1300 720 1346 quando
760 1312 851 1334 sono
879 1301 1070 1342 necessarii,
1109 1302 1154 1334 ne
1181 1311 1352 1346 vengono
1381 1299 1509 1335 esclusi

89 1363 133 1398 da
160 1362 295 1397 certuni
323 1373 361 1397 se
388 1373 462 1396 non
490 1373 511 1395 o
539 1372 602 1406 per
628 1360 701 1395 mal
727 1360 840 1396 intesa
868 1370 1056 1395 tenerezza
1083 1372 1104 1395 o
1132 1372 1195 1406 per
1221 1372 1341 1395 errore
1369 1360 1435 1394 che
1462 1361 1511 1394 in-

86 1431 186 1457 verte
213 1421 363 1456 l'ordine
390 1421 424 1455 di
451 1432 558 1455 causa
586 1420 628 1454 ed
656 1420 779 1455 effetto
808 1432 880 1455 ecc.
899 1421 1006 1454 »Hac
1034 1420 1078 1454 de
1093 1425 1130 1454 re
1148 1420 1301 1466 insignia
1317 1428 1456 1454 exstant
1474 1419 1509 1453 in

87 1483 196 1518 sacris
223 1481 350 1516 litteris
377 1481 605 1523 documenta,
632 1479 741 1515 Eccli.
756 1481 888 1515 XXXI.
919 1491 958 1522 1.‚
986 1481 1092 1515 Prov.
1112 1480 1208 1514 XIII.
1229 1489 1294 1522 24„
1313 1479 1426 1513 XXII.
1445 1489 1508 1523 15„

87 1541 218 1576 XXIII.
249 1552 301 1585 13.
332 1550 410 1583 14:
441 1552 457 1570 ι(
482 1539 567 1573 Noli
595 1539 804 1574 subtrahere
832 1552 850 1573 a
882 1551 992 1584 puero
1013 1538 1256 1584 disciplinam:
1275 1538 1303 1572 si
1323 1538 1419 1571 enim
1435 1549 1511 1583 per-

88 1601 241 1635 cusseris
269 1612 352 1635 eum
378 1601 488 1645 virga,
516 1611 590 1634 non
609 1600 794 1634 morietur.
814 1600 851 1633 In
870 1600 969 1643 virga
985 1600 1161 1644 percuties
1182 1610 1275 1641 eum,
1296 1608 1329 1633 et
1350 1598 1508 1632 animam

87 1661 162 1695 eius
190 1661 233 1695 de
260 1659 400 1694 inferno
439 1659 616 1694 liberabis.
642 1673 657 1692 »
686 1660 829 1694 Debent
857 1669 977 1694 tamen
1005 1668 1170 1705 parentes
1198 1659 1406 1693 meminisse
1434 1670 1509 1692 mo-

85 1720 199 1754 nitum
228 1719 406 1765 Apostoli,
432 1718 565 1763 Ephes.
591 1719 636 1753 V.
662 1728 710 1761 4:
735 1731 750 1748 a
770 1720 814 1753 Et
839 1731 915 1759 vos,
945 1728 1074 1763 patres,
1102 1717 1212 1753 nolite
1229 1717 1271 1752 ad
1287 1717 1507 1752 iracundiam

86 1791 282 1824 provocare
310 1778 403 1813 filios
428 1787 580 1821 vestros,
608 1777 671 1812 sed
699 1778 848 1812 educate
869 1777 947 1811 illos
967 1778 1001 1811 in
1021 1777 1205 1822 disciplina
1225 1787 1260 1812 et
1280 1777 1506 1822 correptione

84 1839 244 1874 Domini.
269 1853 285 1871 »

156 1900 202 1940 (1)
232 1910 247 1928 a
274 1897 301 1932 Il
327 1897 537 1940 Ginevrino,
565 1897 678 1944 inquit
705 1896 896 1942 Taparelli,
924 1897 1006 1932 ibid.
1033 1908 1067 1931 n.
1098 1894 1209 1939 1364„
1237 1896 1303 1930 che
1332 1895 1363 1930 al
1379 1907 1445 1931 suo
1464 1897 1506 1931 E-

84 1957 184 1993 milio
212 1958 387 1993 vorrebbe
415 1958 571 1992 ricusato
610 1958 654 1992 da
681 1958 834 2004 genitori
876 1957 1046 1991 snaturati
1086 1956 1109 1989 il
1136 1956 1221 1991 Iatte
1261 1955 1352 1990 delle
1391 1957 1505 2002 prime

83 2018 254 2064 religiose
281 2018 479 2060 istruzioni‚
506 2018 679 2063 pretende
706 2029 753 2051 un
780 2017 919 2051 assim-do
941 2017 1090 2050 insieme
1113 2016 1155 2050 ed
1175 2017 1233 2050 un'
1252 2017 1416 2062 empietci:
1435 2028 1504 2051 una

84 2078 250 2123 empietii,
278 2077 409 2123 perch'e
436 2077 543 2111 vuole
572 2077 637 2111 che
664 2078 673 2111 i
702 2077 838 2122 parenti
866 2088 938 2109 non
978 2075 1148 2121 pieghino
1176 2074 1207 2110 al
1235 2087 1378 2109 sommo
1406 2076 1503 2109 Vero

83 2135 202 2182 quegli
230 2136 339 2171 animi
367 2137 491 2178 teneri,
520 2136 576 2170 dei
605 2135 697 2181 quali
726 2136 846 2169 hanno
879 2134 986 2169 balla:
1016 2146 1060 2168 un
1088 2134 1236 2168 assurdo
1264 2134 1395 2179 perche
1423 2145 1504 2179 pre-

83 2196 191 2230 tende
217 2195 284 2230 che
310 2195 343 2230 la
369 2196 518 2242 ragione
546 2206 676 2229 umana
704 2195 830 2239 asperti
850 2194 870 2227 il
889 2195 1016 2237 giorno
1038 2193 1264 2237 assegnatole
1284 2192 1341 2228 dal
1367 2193 1504 2236 sofista,

83 2266 146 2300 per
172 2254 346 2300 produrre
373 2254 407 2288 di
434 2263 593 2300 repente,
622 2253 702 2299 qual
732 2253 891 2287 Minerva
921 2262 1002 2287 nata
1030 2252 1086 2287 dal
1116 2251 1233 2286 cervel
1261 2252 1294 2286 di
1322 2252 1451 2295 Giove,
1471 2252 1503 2287 Ia

83 2314 224 2348 scienza
253 2313 458 2348 dell'essere
487 2326 505 2348 e
534 2313 626 2348 della
653 2325 759 2347 causa
788 2312 936 2346 infinita.
963 2327 978 2344 υ

157 2375 203 2415 (2)
232 2373 329 2408 Haec
358 2384 400 2407 ex
428 2373 641 2418 Tongiorgi;
670 2372 748 2407 Etli.
778 2384 811 2405 n.
839 2382 920 2413 401.
950 2391 991 2396 —
1023 2371 1078 2406 Cf.
1106 2371 1297 2417 Taparelli,
1327 2372 1452 2417 Saggio
1482 2371 1501 2405 l.

84 2443 124 2474 c.‚
153 2444 171 2466 a
199 2444 270 2478 quo
298 2431 415 2478 plures
443 2431 499 2467 alii
529 2441 693 2467 auctores
722 2431 929 2466 afferuntur.

153 2489 208 2538 (3)
235 2492 318 2527 Loc.
349 2503 462 2538 nuper
488 2492 546 2526 cit.
