1705 2787
809 107 1068 149 -374—

230 205 392 258 lantur,
426 214 500 244 aut
535 201 742 257 pecunias
778 199 964 242 creditas
1000 196 1276 241 debitoribus
1327 194 1643 239 condonandas

231 285 404 330 putant,
439 273 467 314 ii
501 271 742 328 labefactant
767 270 1044 327 fundamenta
1077 267 1332 325 reipublicae3
1386 267 1646 310 concordiam

231 346 444 401 primum,
469 359 578 400 quae
599 358 691 384 esse
727 357 817 384 non
844 353 1003 398 potest,
1025 340 1100 383 ubi
1123 340 1217 382 aliis
1243 339 1519 394 adimuntur,
1552 338 1646 380 aliis

230 416 545 460 condonantur
580 415 807 472 pecuniae:
843 413 1000 457 deinde
1034 414 1283 470 aequitatem,
1318 427 1429 469 quae
1473 411 1647 454 tollitur

229 488 392 543 omnis,
427 488 462 529 si
497 485 657 528 habere
691 500 824 528 suum
860 486 1021 541 cuique
1056 499 1146 526 non
1196 484 1308 526 licet:
1347 482 1388 526 id
1429 483 1548 525 enim
1583 494 1648 524 est

230 559 464 615 proprium
499 558 687 599 civitatis
723 569 854 613 atque
890 555 1027 611 urbis,
1062 567 1112 598 ut
1146 555 1195 597 sit
1227 554 1355 597 libera
1386 563 1418 597 et
1451 570 1531 596 non
1566 553 1646 596 sol-

227 631 336 673 licita
369 644 465 672 suae
499 630 559 672 rei
591 630 784 686 aliusque
819 628 1015 670 custodia:
1040 644 1059 667 »
1087 626 1128 668 h.
1154 642 1190 669 e.
1217 639 1265 669 ut
1290 642 1357 682 CO,
1383 625 1502 684 quod
1527 626 1646 683 quis-

232 718 318 760 que
358 700 440 743 sibi
491 713 607 743 recte
642 701 893 757 acquisivit,
928 699 1014 742 frui
1049 711 1180 756 queat
1215 713 1368 740 secure
1419 710 1460 740 et
1504 697 1648 755 palam

230 775 323 816 sine
358 785 481 815 metu
517 773 705 829 raptoris
741 784 782 814 et
817 772 1033 814 invasoris
1069 769 1320 826 cuiuslibet,
1344 771 1434 813 sive
1460 770 1648 827 raptoris

230 846 307 902 qui
342 859 531 901 persona
565 844 733 900 privata
766 844 836 899 sit,
871 843 961 885 sive
997 842 1185 899 raptoris
1222 842 1312 899 qui,
1367 840 1487 898 quod
1521 841 1646 898 peius

231 928 310 972 est,
344 917 401 958 sit
436 930 625 972 persona
662 914 850 971 publica.
904 932 923 954 «
962 915 1020 969 Si,
1055 915 1201 971 inquit
1235 929 1268 956 S.
1309 914 1510 956 Thomas
1560 911 1647 971 (1),

230 986 395 1044 aliquid
430 987 652 1043 principes
687 985 882 1028 indebite
917 998 1212 1043 extorqueant
1263 1001 1337 1042 per
1372 985 1647 1040 violentiam,

234 1060 385 1115 rapina
421 1070 500 1113 est,
536 1059 651 1100 sicut
685 1070 726 1100 et
761 1058 1106 1101 latrocinium....
1144 1056 1267 1102 Unde
1302 1056 1352 1099 ad
1403 1056 1649 1099 restitutio-

232 1145 336 1172 nem
361 1141 587 1185 tenentur,
612 1130 726 1171 sicut
746 1141 786 1171 et
807 1129 1016 1172 latrones:
1053 1141 1094 1170 et
1117 1140 1241 1171 tanto
1266 1129 1443 1185 gravius
1468 1138 1650 1184 peccant

231 1216 365 1257 quam
387 1200 596 1256 latrones,
612 1213 781 1257 quanto
801 1200 1097 1256 periculosius
1121 1213 1162 1243 et
1184 1200 1471 1242 communius
1492 1210 1645 1240 contra

235 1273 454 1314 iustitiam
489 1285 641 1329 agunt,
677 1273 803 1314 cuius
839 1271 1047 1314 custodes
1082 1283 1186 1314 sunt
1220 1271 1395 1328 positi.»

351 1344 433 1402 2.⁰)
467 1344 671 1401 Insuper,
708 1356 854 1400 potest
888 1359 991 1385 sane
1016 1358 1062 1385 ac
1098 1342 1225 1385 debet
1250 1358 1486 1399 supremus
1511 1343 1650 1398 impe-

233 1429 331 1457 rans
367 1416 435 1457 ius
471 1414 554 1457 hoc
590 1416 874 1472 proprietatis
909 1415 1151 1457 com-dinam
1175 1414 1228 1456 ad
1253 1414 1402 1456 honum
1426 1427 1650 1467 commune,

232 1486 258 1528 i.
294 1501 329 1527 e.
365 1485 416 1528 ad
451 1485 675 1542 publicam
710 1487 909 1543 quietem
944 1501 1020 1528 seu
1056 1486 1398 1542 prosperitatem
1444 1483 1647 1540 dirigere.

232 1556 338 1599 Inde
373 1570 523 1599 autem
558 1557 683 1614 plura
719 1570 986 1615 sequuntur,
1032 1572 1142 1614 quae
1178 1557 1366 1613 principi
1401 1555 1516 1598 civili
1550 1570 1650 1612 pro-

231 1629 345 1672 fecto
380 1643 657 1687 competunt:
694 1647 745 1673 ex
780 1631 846 1672 his
882 1631 1041 1672 iuverit
1067 1630 1213 1687 aliqua
1240 1629 1429 1671 breviter
1448 1629 1649 1670 innuere.

234 1727 286 1733 ——-
323 1703 533 1758 Princeps
569 1702 777 1758 politicus
814 1702 981 1744 intuitu
1019 1700 1124 1743 boni
1159 1701 1432 1755 communis,
1467 1715 1515 1741 ac
1549 1714 1650 1756 pro-

234 1771 335 1814 inde
369 1788 421 1814 ex
455 1787 583 1814 causa
618 1773 733 1814 iusta
769 1773 957 1814 omnino
991 1788 1038 1814 ac
1074 1771 1339 1828 rationabili,
1389 1783 1534 1829 potest
1568 1782 1652 1813 sta-

234 1856 358 1885 tuere
393 1843 554 1900 legales
589 1842 771 1899 formam,
795 1859 905 1901 quae
931 1845 966 1886 si
991 1845 1035 1886 in
1062 1845 1356 1901 occupatione
1380 1856 1457 1886 aut
1483 1842 1651 1884 mutuis

235 1913 540 1957 contractibus
576 1930 667 1957 non
702 1927 951 1970 serventur,
986 1919 1075 1958 iam
1124 1915 1199 1958 illi.
1222 1927 1344 1957 actus
1379 1916 1466 1957 sint
1513 1913 1654 1956 illiciti

235 1997 366 2042 atque
391 1986 525 2028 etiam
545 1984 864 2028 invalidiadrei
889 1987 1207 2042 proprietatem
1232 1983 1546 2042 acquirendam
1566 1983 1652 2041 (2).

238 2082 290 2087 —
325 2057 455 2112 Item,
489 2057 525 2098 si
559 2057 719 2113 privati
755 2056 940 2098 alicuius
977 2055 1230 2098 dominium
1264 2056 1308 2097 in
1329 2070 1422 2097 rem
1446 2055 1654 2112 aliquam,

311 2228 361 2271 (1)
388 2228 429 2261 ln
457 2238 486 2261 2.
516 2238 547 2261 2.
574 2239 606 2272 q.
635 2227 690 2262 66.
719 2240 747 2262 a.
776 2229 808 2262 8.
836 2229 879 2262 ad
910 2233 973 2273 3.¹¹¹

312 2286 367 2329 (2)
396 2286 444 2320 Ut
471 2287 542 2320 iam
571 2287 727 2320 diximus
754 2287 789 2320 in
816 2287 886 2321 vol.
914 2288 957 2321 ΙΙ.
985 2287 1078 2321 thesi
1106 2285 1283 2329 XXVIP„
1323 2295 1403 2321 sunt
1431 2287 1656 2321 conditiones

240 2355 285 2379 ex
313 2346 389 2389 ipso
417 2346 566 2380 naturali
595 2347 669 2380 iure
698 2348 922 2381 necessariae
963 2347 1005 2380 ad
1044 2347 1265 2381 validitatem
1306 2356 1565 2381 contractuum.
1592 2347 1655 2380 His

242 2404 433 2437 auctoritas
462 2405 603 2438 socialis
632 2415 749 2449 potest
779 2406 908 2440 addere
937 2407 1163 2440 conditiones
1192 2406 1288 2446 alias,
1317 2418 1406 2451 quae
1426 2415 1463 2441 ut
1483 2406 1657 2440 addantur

242 2465 375 2497 bonum
405 2476 598 2498 commune
626 2467 744 2510 exigat
772 2466 827 2499 vel
860 2468 1018 2500 suadeat.
