1705 2787
753 64 803 69 —
839 42 923 94 458
959 65 1010 70 -

169 158 297 202 gatur
333 143 510 202 propter
545 158 746 186 caussam
780 142 831 185 ad
866 159 998 200 quam
1035 143 1236 198 refertur,
1271 144 1313 188 id
1348 157 1414 188 est
1449 161 1583 189 omne

168 219 210 260 in
247 229 462 274 potestate
497 214 769 271 arbitrioque
816 215 1056 258 Ecclesiae:
1110 228 1253 257 cetera
1300 231 1421 270 vero,
1473 231 1583 273 quae

169 289 292 330 civile
327 301 368 329 et
403 286 635 343 politicum
669 300 810 341 genus
836 285 1163 341 complectitur,
1185 298 1357 328 rectum
1379 298 1444 328 est
1469 287 1584 330 civili

168 359 422 400 auctoritati
457 373 550 398 esse
585 356 796 411 subiecta,
832 372 935 398 cum
969 357 1092 400 Iesus
1138 356 1345 400 Christus
1391 359 1584 414 iusserit,

170 445 280 487 quae
316 430 515 471 Caesaris
550 429 653 482 sint,
703 427 823 470 reddi
871 428 1064 482 Caesari,
1110 443 1220 485 quae
1254 429 1350 483 Dei,
1384 430 1495 471 Deo.
1531 455 1583 460 —

169 500 375 543 Incidunt
410 512 558 543 autem
593 499 862 557 quandoque
897 511 1114 555 tempora,
1149 514 1250 541 cum
1275 499 1383 541 alius
1405 514 1585 557 quoque

171 571 436 614 concordiae
472 570 633 613 modus
668 570 719 613 ad
754 571 1041 628 tranquillam
1077 569 1325 613 libertatem
1360 571 1488 626 valet,
1522 571 1586 613 ni-

172 643 339 684 mirum
374 643 409 683 si
444 642 520 698 qui
554 642 775 698 principes
811 656 962 683 rerum
988 640 1269 697 publicarum
1307 653 1348 683 et
1382 640 1590 683 Pontifex

173 728 386 755 romanus
421 712 472 754 de
508 727 551 754 re
585 712 728 769 aliqua
764 725 959 769 separata
994 713 1037 754 in
1072 711 1188 754 idem
1224 712 1437 768 placitum
1482 727 1587 755 con-

172 785 405 826 senserint.
441 783 618 835 Quibus
654 784 845 825 Ecclesia
870 782 1147 839 temporibus
1169 795 1392 825 maternae
1412 783 1587 840 pietatis

173 855 330 897 eximia
348 853 616 896 documenta
634 853 827 910 praebet,
843 869 945 896 cum
961 852 1178 895 facilitatis
1194 853 1587 910 indulgentiaeque

173 936 349 966 tantum
398 923 606 966 adhibere
655 924 808 979 soleat,
853 936 1071 980 quantum
1107 924 1297 965 maxime
1333 935 1493 980 potest.
1531 949 1582 953 —

174 994 407 1037 Eiusmodi
443 1007 522 1050 est,
567 1009 702 1052 quam
751 996 1014 1037 summatim
1052 995 1298 1051 attigimus,
1332 995 1469 1037 civilis
1506 995 1585 1037 ho-

173 1067 350 1108 minum
384 1067 605 1108 societatis
641 1065 879 1108 christiana
918 1066 1198 1122 temperatio,
1250 1078 1290 1108 et
1340 1066 1445 1108 haec
1495 1081 1583 1108 non

174 1149 340 1179 temere
376 1152 518 1194 neque
553 1135 604 1179 ad
639 1136 868 1179 libidinem
904 1136 1018 1192 ficta,
1053 1136 1127 1179 sed
1151 1153 1201 1179 ex
1226 1138 1430 1180 maximis
1457 1136 1587 1180 ducta

174 1210 507 1266 verissimisque
542 1210 784 1266 principiis,
819 1224 931 1266 quae
955 1210 1045 1266 ipsa
1070 1209 1260 1252 naturali
1285 1210 1455 1251 ratione
1481 1224 1586 1252 con-

175 1279 426 1324 firmantur.
464 1298 483 1320 >>

666 1534 672 1540 .
707 1509 856 1537 THESIS
890 1509 1024 1538 XCVII.

176 1625 241 1667 Ex
286 1624 401 1666 dictis
436 1625 705 1680 consequitur,
743 1625 948 1681 principes
983 1622 1119 1666 civiles
1154 1624 1351 1665 maximis
1385 1617 1482 1680 izrgcz
1515 1623 1591 1666 Ec—

294 1694 456 1736 clesiam
479 1694 683 1749 adstringi
715 1695 868 1750 officiis,
903 1695 1102 1751 negativis
1136 1694 1243 1749 aliis,
1277 1693 1370 1736 aliis
1402 1709 1498 1736 vero
1515 1708 1589 1751 po·

296 1775 442 1807 sltzt'zs.

267 1921 364 1963 240.
401 1909 786 1952 DEMONSTRATIO.
823 1907 996 1963 Officia,
1031 1907 1193 1965 quibus
1228 1909 1448 1965 principes
1484 1909 1588 1950 civi-

179 1978 238 2020 les
273 1993 372 2035 erga
400 1980 637 2021 Ecclesiam
673 1979 1028 2036 adstringuntur,
1048 1992 1151 2022 sunt
1176 1979 1363 2036 duplicis
1390 1980 1588 2022 rationis:

179 2049 259 2090 alia
295 2063 401 2091 sunt
435 2052 637 2106 negativa,
662 2051 743 2093 alia
767 2067 871 2093 vero
896 2051 1157 2108 affirmativa.

267 2120 299 2162 Ι.
334 2122 395 2162 Ac
431 2123 590 2177 primo,
626 2123 811 2177 negativo
846 2134 1055 2164 tenentur
1090 2121 1251 2177 officio,
1286 2138 1376 2164 non
1412 2137 1590 2179 praepe-

179 2189 325 2233 diendi
362 2192 637 2247 legislatione
672 2209 751 2235 sua
784 2194 1040 2236 existentiam
1065 2205 1106 2235 et
1139 2194 1333 2235 actionem
1358 2193 1588 2237 Ecclesiae.

177 2259 245 2302 Ad
279 2260 321 2303 id
356 2274 565 2305 tenentur
600 2278 705 2319 ergo
740 2263 847 2305 alios
895 2265 1058 2319 Status,
1093 2266 1168 2322 qui
1202 2277 1349 2306 tamen
1386 2276 1490 2307 sunt
1520 2279 1590 2306 so-

180 2331 356 2373 cietates
391 2334 591 2390 aequales
617 2335 758 2376 Statui
792 2334 853 2376 illi
889 2337 959 2379 cui
994 2348 1218 2393 praesunt,
1254 2348 1295 2378 et
1329 2351 1350 2377 a
1395 2350 1590 2392 quorum

181 2402 487 2446 dominatione
521 2418 625 2447 sunt
660 2408 836 2462 penitus
872 2408 1081 2463 exempti.
1118 2407 1304 2458 Quanto
1338 2407 1474 2463 igitur
1500 2421 1589 2447 ma-
