1705 2787
784 55 1041 113 „358-

207 164 510 222 dependentes
544 162 596 205 ab
632 162 777 206 altiori
802 163 1032 217 societate,
1057 176 1167 220 quae
1192 160 1518 205 ‘internationalis
1542 172 1622 218 est,

205 249 246 279 et
281 236 550 278 cessationes
584 250 605 276 a
656 233 804 277 labore
854 233 1046 276 indicere
1095 245 1256 290 potest,
1305 248 1394 276 non
1434 245 1524 275 tam
1573 245 1622 277 ut

206 309 416 366 operariis
453 306 671 362 consulat,
705 321 838 363 quam
874 304 924 348 ad
959 305 1066 347 alios
1102 304 1226 360 fines,
1251 317 1383 363 atque
1417 305 1548 347 etiam
1571 303 1624 348 ad

208 380 383 423 socialis
419 378 587 421 ordinis
623 378 914 420 eversionem.

328 447 603 492 Huiusmodi
652 448 883 489 societates
935 446 990 489 ob
1045 446 1443 504 perturbationem,
1490 460 1625 503 quam

208 522 331 566 facile
366 521 548 578 politico
583 520 812 562 consortio
846 519 1049 575 afferunt,
1089 530 1318 576 nequeunt
1365 533 1387 561 a
1429 518 1626 575 principe

208 594 323 637 civili
357 591 605 651 approbari.
630 590 971 634 Tantummodo
996 589 1051 633 ob
1076 602 1332 647 temporum
1352 604 1399 632 ac
1423 589 1626 633 locorum

210 664 489 709 conditiones
525 674 736 720 poterunt
775 661 1013 720 aliquando
1064 662 1265 705 tolerari:
1302 673 1444 704 certos
1477 673 1626 704 tamen

210 739 323 781 intra
358 736 537 791 limites,
561 735 617 777 ita
638 746 686 777 ut
706 735 969 776 iniuriarum
989 746 1065 776 aut
1083 733 1355 776 seditionum
1380 732 1627 790 periculum

210 819 428 867 quantum
465 805 559 848 sieri
594 818 739 862 potest
773 817 1044 848 amoveatur.

328 879 444 921 Huic
465 878 578 919 inter
594 875 802 919 dominos
823 888 953 933 atque
972 875 1152 932 opifices
1168 875 1474 918 colluctationi
1489 888 1628 917 reme-

210 950 334 994 dium
370 961 434 991 est
469 963 572 990 sane
607 963 628 989 a
662 948 860 1004 principe
896 947 1010 991 civili
1061 946 1349 990 afferendum.
1393 945 1630 1003 Multiplex

210 1019 392 1079 quidem
428 1017 676 1062 remedium
697 1019 936 1074 excogitari
962 1030 1129 1075 potest:
1156 1018 1445 1074 praecipuum
1479 1029 1628 1059 tamen

211 1092 339 1136 debet
375 1107 396 1133 a
429 1106 529 1142 vera
565 1090 780 1146 religione
815 1091 967 1147 repeti.
1004 1089 1213 1146 Oportet,
1239 1101 1286 1132 ut
1320 1088 1492 1131 domini
1517 1087 1630 1133 chri-

211 1165 350 1207 stiana
366 1164 546 1205 caritate
567 1163 792 1219 operarios
808 1161 1007 1218 diligant,
1027 1176 1100 1203 eos
1117 1159 1319 1203 habendo
1336 1172 1382 1203 ut
1401 1160 1630 1217 proximos

216 1237 358 1279 immo
393 1234 547 1277 fratres
582 1235 625 1276 in
661 1234 859 1289 Christo,
894 1249 983 1276 non
1028 1245 1176 1275 autem
1212 1244 1259 1275 ut
1308 1247 1428 1275 mera
1469 1233 1632 1274 instru-

211 1320 360 1351 menta
395 1306 446 1349 ad
480 1322 580 1348 suas
615 1305 786 1348 divitias
805 1304 1042 1361 augendas.
1071 1304 1282 1361 Oportet,
1308 1316 1355 1346 ut
1380 1302 1560 1360 opifices
1581 1318 1631 1345 ex

213 1379 440 1436 principiis
476 1378 702 1433 religionis
746 1378 956 1418 virtutem
1009 1376 1215 1418 hauriant
1263 1374 1314 1417 ad
1363 1374 1631 1417 laboriosam

211 1452 347 1494 vitam
373 1450 590 1506 patienter
616 1447 907 1490 tolerandam.
934 1448 995 1489 Ex
1014 1445 1176 1503 quibus
1197 1445 1489 1488 confirmatur
1508 1443 1631 1501 illud,

213 1521 264 1566 de
299 1535 389 1578 quo
423 1520 510 1561 iam
544 1534 671 1575 saepe
720 1517 930 1569 diximus,
979 1517 1118 1559 basim
1166 1532 1242 1559 seu
1288 1514 1631 1560 fundamentum

213 1592 351 1635 civilis
386 1591 609 1633 societatis
644 1605 738 1631 esse
772 1590 817 1632 in
852 1605 978 1632 verae
1014 1589 1243 1645 religionis
1268 1588 1390 1645 praxi
1415 1601 1631 1644 reponen-

213 1664 339 1707 dum:
375 1677 422 1704 ac
457 1660 643 1719 proinde
678 1661 790 1703 nihil
824 1661 1012 1718 principi
1046 1660 1161 1702 civili
1196 1659 1335 1715 magis
1370 1657 1492 1700 cordi
1539 1671 1632 1699 esse

214 1733 387 1789 debere,
422 1747 556 1790 quam
590 1747 716 1775 verae
752 1732 979 1788 religionis
1014 1731 1200 1774 tutelam
1234 1742 1274 1772 et
1308 1729 1632 1772 adiumentum.

300 1807 374 1848 HI.
409 1806 543 1849 Nunc
578 1805 792 1861 temporis
833 1805 1022 1861 operarii
1058 1805 1214 1846 ineunt
1250 1818 1351 1844 cum
1396 1800 1632 1859 capitalistis

158 1891 160 1893 ·
214 1878 287 1936 (ut
324 1877 401 1919 hac
435 1892 541 1919 Voce
578 1876 782 1934 utamur)
808 1887 1089 1918 contractum
1114 1874 1347 1916 locationis
1374 1888 1531 1929 operae
1557 1887 1631 1915 seu

222 1949 382 1991 laboris
417 1963 496 2005 pro
532 1949 800 2004 congruenti
849 1947 1015 2004 pretio:
1068 1944 1232 1987 nostris
1267 1942 1421 1986 diebus
1470 1944 1530 1986 sic
1565 1958 1632 1985 res

214 2018 302 2060 fere
337 2033 511 2074 semper
561 2018 787 2074 peragitur
837 2018 951 2059 inter
1002 2015 1265 2072 capitalistas
1301 2026 1343 2056 et
1392 2014 1632 2070 operarios.

302 2090 416 2132 Sunt
450 2090 527 2147 qui
561 2100 820 2146 proponunt
853 2089 988 2130 alium
1024 2086 1212 2130 modum
1246 2085 1485 2142 peragendi
1519 2085 1632 2127 hanc

215 2176 323 2204 rem.
350 2160 547 2217 Opifices
573 2161 724 2202 ineant
749 2172 1028 2202 contractum
1048 2159 1242 2201 societatis
1268 2171 1370 2199 cum
1394 2157 1498 2214 ipsis
1519 2157 1633 2213 capi-

213 2231 386 2285 talistis,
432 2231 509 2273 hac
546 2233 732 2287 ratione,
768 2244 816 2274 ut
851 2229 1118 2288 capitalistae
1158 2227 1387 2271 conferant
1438 2227 1633 2284 capitale,

216 2303 405 2359 operarii
440 2318 620 2359 operam
655 2316 697 2345 et
731 2302 943 2357 laborem,
978 2315 1134 2343 omnes
1169 2312 1333 2355 autem,
1358 2314 1448 2341 non
1482 2299 1634 2340 iamin

216 2372 373 2416 eodem
393 2389 575 2429 prorsus
610 2373 745 2429 gradu
783 2389 858 2416 seu
880 2388 1087 2417 mensura
1113 2371 1187 2414 sed
1212 2370 1455 2419 secundum
1479 2385 1635 2427 aequa-
