1705 2787
830 70 1058 124 —55-

234 187 376 217 natura
399 174 591 218 destinari
614 173 663 216 ad
685 174 813 216 vitam
830 172 1037 226 socialem,
1062 173 1103 216 in
1126 188 1206 230 qua
1221 172 1309 216 sola
1330 184 1466 230 potest
1488 188 1530 217 se
1554 189 1654 217 con-

233 261 417 298 servare,
464 246 590 298 tueri,
638 242 831 300 perficere
878 259 922 286 ac
953 259 1045 286 suas
1076 243 1302 288 tendentias
1336 245 1511 302 explere.
1545 245 1653 288 Hinc

234 318 461 374 quaestioni
496 316 604 367 huic,
639 330 823 371 quonam
855 315 897 357 in
927 326 1033 357 statu
1068 314 1208 358 fuisset
1249 332 1379 373 genus
1407 317 1650 370 humanum,

230 389 292 431 s'il
319 390 387 447 siit
424 391 520 431 resle'
554 387 791 429 ahandomaf
823 387 848 428 ἐι
878 387 1103 439 lui-numne,
1134 389 1191 430 sic
1224 388 1535 446 respondemus:
1553 400 1651 431 tunc

230 461 353 502 etiam
388 459 522 501 fuisset
555 459 596 500 in
627 469 732 500 statu
765 457 917 510 sociali,
966 459 1008 501 in
1048 459 1132 501 vita
1179 458 1408 502 domestica
1439 470 1478 502 et
1527 458 1651 511 civili,

229 530 409 573 Provida
441 531 519 572 Dei
551 528 779 571 conditoris
812 544 908 571 cura
939 545 984 572 ac
1016 530 1353 589 gubernado„(a
1385 547 1477 588 qua,
1501 543 1545 573 ut
1567 531 1651 573 iam

229 604 469 645 monuimus
500 600 582 660 (Ι),
614 600 727 642 nulla
758 601 799 643 in
830 600 1053 657 hypothesi
1085 600 1204 645 debet
1245 618 1378 659 genus
1419 602 1650 645 humanum

230 673 478 717 considerari
509 674 755 724 seiunctum,
788 688 840 714 ne
872 684 968 714 tunc
1011 672 1193 729 quidem,
1228 688 1323 715 cum
1355 672 1430 715 sibi
1462 672 1650 717 relictum

227 744 463 802 spectatur),
497 743 580 787 duo
615 743 714 786 haec
747 757 1007 800 quacumque
1040 744 1081 785 in
1113 743 1338 801 hypothesi
1373 745 1649 801 praestitiSset:

226 818 368 874 generi
401 816 587 858 humano
620 813 871 871 praefixisset
905 814 1032 858 finem
1065 814 1351 868 obtinendum,
1401 828 1441 859 et
1485 817 1672 873 insuper'

226 903 356 945 genus
390 887 621 929 humanum
651 885 701 930 ad
732 887 1021 943 praestitutum
1054 885 1180 929 finem
1212 886 1374 930 fortiter
1405 901 1450 929 ac
1471 888 1650 930 suaviter

225 959 459 1003 adduxisset
490 974 564 1015 per
584 959 809 1001 necessaria
830 957 980 1011 media,
1003 959 1108 1001 inter
1130 974 1232 1015 quae
1256 958 1364 1002 haud
1387 970 1647 1015 postremum

225 1031 366 1074 locum
397 1042 507 1073 tenet
539 1031 623 1072 vita
654 1029 827 1072 socialis,
863 1030 975 1072 Haec
1006 1029 1181 1086 proinde
1214 1045 1301 1072 non
1333 1029 1381 1072 ab
1408 1028 1647 1073 hominibus

225 1102 457 1155 adinventa,
491 1100 561 1145 sed
594 1103 642 1144 ab
677 1102 766 1158 ipso
799 1112 965 1143 naturae
987 1112 1153 1143 auctore
1176 1101 1269 1143 Deo
1292 1100 1421 1144 volita
1444 1113 1504 1144 est
1526 1112 1648 1159 atque

225 1175 421 1216 instituta.

313 1245 361 1287 Π.
397 1243 528 1296 Quod
560 1255 713 1300 spectat
745 1243 796 1287 ad
819 1251 1010 1286 naturam
1031 1243 1238 1286 societatis
1262 1243 1402 1296 civilis,
1432 1243 1647 1288 contendit

222 1316 450 1369 Rousseau‚
483 1315 716 1372 legitimam
748 1315 1066 1357 associationem
1097 1314 1262 1357 civilem
1304 1330 1390 1357 non
1435 1330 1522 1358 esse
1568 1316 1647 1358 nisi

222 1401 327 1440 eam,
362 1387 403 1429 in
435 1402 515 1443 qua
546 1387 681 1428 socius
713 1386 884 1442 quisque
917 1384 1102 1428 n’ohe'z'sse
1134 1385 1226 1442 qu’c'z
1257 1385 1466 1428 lui-mdme
1488 1393 1524 1428 et
1547 1395 1646 1429 reste

221 1460 326 1501 aussi
356 1457 453 1501 libre
486 1461 820 1516 qn'auparavcznt.
853 1457 961 1499 Hinc
993 1456 1083 1500 idea
1113 1457 1181 1500 1113
1212 1457 1372 1516 (quam,
1391 1470 1434 1500 ut
1457 1469 1570 1515 patet
1592 1473 1644 1501 ex

222 1530 329 1573 thesi
360 1529 641 1587 praecedente,
686 1545 736 1571 ex
783 1527 996 1572 Hobbesio
1043 1540 1253 1571 mutuatus
1299 1540 1359 1571 est
1407 1529 1648 1587 Rousseau)

222 1602 610 1654 0111111111111111111111,
654 1602 800 1657 quibus
846 1600 1003 1657 pollent
1052 1599 1279 1657 quibusque
1326 1617 1367 1643 se
1416 1601 1645 1658 exspoliant

220 1672 444 1725 individua,
464 1688 566 1729 quae
598 1671 794 1715 socialem
824 1674 954 1715 vitam
984 1673 1257 1729 paciscuntur,
1291 1673 1413 1715 simul
1446 1672 1644 1715 collecto-

220 1761 315 1789 rum
347 1744 396 1789 ad
427 1757 675 1802 potestatem
707 1744 904 1787 socialem
934 1745 977 1786 in
1007 1756 1095 1787 tota
1126 1745 1427 1786 con-nnunitate
1451 1744 1646 1786 essentia-

220 1817 312 1861 liter
342 1829 656 1874 permanentem
687 1815 966 1860 efficiendam:
999 1816 1243 1859 l’alie'nation
1276 1816 1391 1858 totale
1423 1815 1469 1858 de
1501 1815 1644 1873 chaque

221 1891 362 1932 associa
394 1903 484 1931 avec
516 1897 601 1931 tous
631 1903 687 1930 ses
709 1888 834 1931 droits
855 1888 880 1930 ὰ
901 1895 1004 1930 toute
1025 1887 1064 1930 Ia
1085 1889 1370 1929 commmumte'.
1395 1887 1508 1929 Haec
1528 1887 1644 1943 praei

221 1962 338 2017 cipue
360 1959 749 2003 animadvertantur.

429 2031 472 2089 a)
504 2030 710 2073 Subiectio
743 2030 857 2074 alteri
889 2030 1052 2073 homini
1084 2044 1171 2072 non
1212 2040 1417 2085 repugnat
1464 2027 1639 2085 dignitat

220 2114 387 2145 naturae
419 2102 638 2145 humanae.
660 2127 712 2132 —-
731 2102 844 2145 Nam
880 2118 900 2142 κ
935 2101 1123 2157 quamvis
1154 2099 1300 2152 1101110,
1335 2111 1378 2141 ut
1410 2111 1501 2156 apte
1549 2099 1643 2143 dis-

220 2174 315 2216 serit
347 2174 497 2215 8113162
527 2172 609 2231 (2),
643 2173 742 2216 liber
774 2185 929 2216 creatus
960 2173 1026 2224 sit,
1057 2187 1144 2214 non
1176 2183 1316 2214 tamen
1348 2172 1434 2213 sine
1477 2171 1638 2228 capaci-

219 2255 301 2286 tate
342 2255 380 2285 et
423 2243 648 2299 aptitudioe
695 2255 739 2285 ut
770 2244 873 2286 iusta
920 2258 1039 2286 causa
1084 2254 1124 2284 et
1170 2242 1319 2284 rationi
1367 2253 1640 2284 consentanea

218 2318 346 2388 Ἶ)
366 2344 459 2378 Vide
486 2343 591 2388 paulo
617 2355 728 2389 super.
756 2355 836 2390 pag.
865 2353 918 2388 50.
946 2343 1065 2377 adnot.
1089 2354 1117 2388 3.

290 2405 347 2449 (2)
369 2403 450 2438 Dcf.
479 2404 535 2437 fid.
563 2404 584 2437 l.
612 2405 672 2438 III.
700 2416 728 2438 c.
761 2415 787 2438 1.
815 2416 848 2437 11.
877 2405 908 2438 8.
937 2402 991 2438 Cf.
1011 2403 1117 2438 etiam
1137 2403 1180 2438 de
1207 2402 1275 2448 leg.
1306 2401 1327 2435 1.
1347 2402 1407 2436 111.
1429 2414 1457 2436 c.
1485 2413 1565 2436 1.11.
1585 2413 1640 2436 11.

219 2462 310 2498 Item
338 2463 380 2498 cf.
408 2463 675 2505 Bellarminum,
702 2464 745 2498 de
764 2464 878 2498 Laicis
904 2476 932 2498 c.
962 2474 992 2508 7.
