1705 2787
788 61 1049 116 ,406-

205 170 247 212 in
281 169 493 212 ultimum
516 166 667 223 (inem,
694 169 761 211 ius
797 168 848 211 ad
884 170 997 211 vitae
1032 168 1437 223 conservationem,
1471 169 1541 212 ius
1575 166 1629 212 ad

203 242 416 297 suiipsius
452 239 790 297 perfectionem,
826 241 893 282 ius
919 238 1287 295 independentiae
1313 241 1356 282 in
1382 239 1503 282 licito
1526 254 1628 282 sua-

201 328 301 355 rum
327 312 592 354 facultatum
620 312 849 360 exercitio,
875 311 941 352 ius
966 309 1252 365 defensionis,
1278 311 1344 352 ius
1370 309 1625 367 acquirendi

200 383 280 426 sibi
318 383 476 425 stabile
512 382 765 424 dominium
813 381 1097 438 proprietatis
1133 393 1213 422 etc.
1249 381 1366 423 Haec
1400 382 1496 423 iura
1530 396 1627 423 nas—

201 468 366 497 cuntur
403 469 504 495 cum
541 455 637 510 ipso
663 452 863 506 homine,
890 453 932 493 in
958 466 1099 508 eoque
1125 452 1374 494 necessario
1400 453 1626 508 reperiun-

203 538 274 568 tur
310 540 361 567 cx
396 524 494 566 solo
529 524 772 566 nativitatis
806 522 946 565 facto:
984 522 1086 564 liinc
1122 524 1284 564 merito
1321 524 1531 578 congenita
1549 538 1626 565 seu

207 599 349 639 innam
384 607 614 639 vocantur.
652 620 702 625 —
739 595 852 636 Sunt
886 606 1034 635 autem
1070 593 1149 635 alia
1176 595 1286 647 iura,
1325 608 1437 650 quae
1471 593 1630 650 aliquis

209 670 346 712 homo
382 667 512 711 habet
546 667 603 709 ob
640 667 843 724 specialia
879 665 988 708 sacta
1036 666 1101 707 vel
1137 665 1385 722 personalia
1420 664 1630 707 adiuncta

210 757 285 783 seu
323 740 378 782 ob
415 740 726 797 particularem
772 750 939 780 statum
977 736 1043 778 vel
1093 736 1415 789 conditionem,
1464 736 1508 778 in
1543 750 1630 792 qua

212 811 348 853 homo
384 811 454 853 ille
489 811 733 867 reperitur:
759 809 902 866 qualia
929 820 1034 849 sunt
1059 808 1169 862 iura,
1194 823 1307 864 quae
1333 807 1504 849 licitum,
1529 821 1629 863 pro—

211 884 328 940 priae
363 882 598 924 activitatis
649 881 909 922 exercitium
956 891 1341 936 praesupponunt,
1392 880 1456 921 ve!
1493 879 1629 920 etiam

1392 966 1429 993 0.
1453 948 1623 992 actuale

1389 986 1414 1008 O

212 1024 467 1066 dominium
504 1023 785 1079 proprietatis
820 1022 862 1063 in
900 1022 1018 1064 liunc
1054 1036 1209 1077 agrum
1244 1021 1313 1062 vel
1337 1021 1380 1062 iu
1406 1020 1517 1063 hanc
1542 1017 1617 1061 do-

210 954 295 1008 illa,
330 968 442 1010 quae
476 951 657 994 alterius
692 953 914 993 actionem
951 963 1304 1008 consequuntur,
1328 966 1363 992 e.

213 1110 338 1137 mum
373 1109 424 1136 ex
458 1093 572 1136 facto
606 1094 913 1150 occupationis
951 1094 1013 1136 vel
1050 1092 1330 1137 haereditatis
1366 1106 1625 1148 exsurgens,

214 1164 488 1208 Huiusmodi
521 1166 616 1207 iura
651 1166 813 1207 merito
846 1167 1043 1223 acquisita
1067 1181 1142 1208 seu
1169 1164 1392 1208 adventitia
1409 1163 1630 1221 appellan—

214 1250 299 1280 tur.
337 1262 389 1268 -
424 1235 538 1279 Illud
574 1251 708 1293 porro
742 1236 897 1294 liquet,
932 1238 1027 1279 iura
1062 1237 1298 1293 congenita
1333 1249 1428 1278 esse
1462 1236 1507 1278 in
1541 1235 1631 1277 sin-

213 1309 330 1365 gulis
364 1307 625 1350 hominibus
664 1308 876 1365 aequalia,
913 1300 1008 1351 iura
1059 1323 1163 1350 vero
1198 1307 1409 1364 acquisita
1457 1321 1551 1348 esse
1584 1307 1629 1348 in

212 1379 344 1422 variis
378 1379 640 1422 hominibus
685 1380 856 1423 diversa
890 1379 977 1438 (1).

301 1450 423 1493 Idem
457 1450 571 1494 valet
605 1450 656 1493 de
691 1451 931 1494 hominum
976 1448 1374 1493 coniunctionibus
1407 1451 1453 1492 in
1487 1450 1624 1491 socie-

212 1535 348 1565 tatem
383 1523 560 1565 civilem
596 1522 973 1580 independentem
1009 1538 1084 1565 seu
1121 1521 1172 1564 de
1207 1521 1407 1564 statibus.

301 1594 413 1637 Sunt
448 1594 663 1652 quaedam
698 1597 808 1650 iura,
843 1610 954 1652 quae
987 1594 1054 1637 lex
1090 1594 1302 1636 naturalis
1337 1591 1519 1636 cuilibet
1542 1604 1628 1635 sta—

212 1668 277 1709 tui
311 1665 496 1721 confert,
530 1666 789 1723 simpliciter
813 1680 1034 1723 quatenus
1059 1678 1100 1707 et
1129 1667 1230 1723 quia
1256 1677 1396 1708 status
1421 1676 1501 1720 est,
1536 1665 1626 1708 sive

213 1753 265 1780 eo
299 1738 394 1795 ipso
434 1738 551 1795 quod
598 1738 728 1780 talem
767 1737 896 1780 habet
931 1751 1154 1793 naturam,
1190 1753 1240 1780 eo
1276 1739 1372 1794 ipso
1407 1737 1528 1795 quod
1563 1749 1628 1780 est

212 1811 397 1853 societas
432 1811 569 1853 civilis
604 1809 920 1867 independens,
966 1812 1239 1855 Huiusmodi
1285 1809 1379 1856 iura
1414 1812 1624 1855 dicuntur
1662 1805 1669 1820 ⁷

211 1883 442 1935 congenita:
478 1880 686 1923 dicuntur
721 1883 852 1923 etiam
898 1882 1082 1925 absoluat
1115 1899 1189 1926 seu
1220 1884 1450 1940 primitiva.

299 1953 411 1995 Sunt
444 1965 592 1995 autem
629 1953 709 1995 alia
734 1954 842 2003 iura,
871 1970 982 2011 quae
1009 1955 1074 1997 lex
1099 1956 1310 1998 naturalis
1332 1953 1521 1997 statibus
1541 1954 1624 1996 lar-

210 2025 329 2079 gitur
355 2037 680 2082 consequenter
705 2024 755 2068 ad
781 2025 971 2083 aliquam
998 2027 1110 2068 inter
1135 2026 1254 2082 ipsos
1275 2024 1502 2068 inductam
1523 2040 1625 2067 con-

209 2096 508 2150 suetudinem,
542 2108 616 2138 aut
650 2096 702 2139 ad
735 2097 921 2153 speciale
955 2096 1135 2154 aliquod
1160 2096 1323 2139 factum
1350 2096 1418 2139 vel
1441 2095 1622 2139 adiunc-

206 2180 302 2210 tum
338 2168 599 2225 particulare
623 2168 754 2210 huius
776 2169 842 2211 vel
860 2168 977 2212 illius
999 2170 1203 2212 nationis,
1228 2170 1328 2212 Iura
1355 2168 1622 2212 huiusmodi

208 2252 423 2281 vocantur
458 2240 678 2282 adventitia
712 2255 787 2282 seu
822 2241 1041 2298 acquisita:
1088 2240 1296 2283 dicuntur
1334 2242 1467 2283 etiam
1502 2240 1624 2297 hypo-

290 2424 343 2469 (ι)
371 2424 462 2458 Υἱός
491 2436 606 2470 super.
639 2424 708 2458 ml.
736 2425 775 2457 H.
804 2436 883 2467 pag.
917 2435 965 2467 33.

1674 0 1703 57 ’-Τ-’Ἴ
