1705 2787
190 179 295 220 quas
323 163 445 214 indit,
472 163 792 204 inclinationes.
818 162 873 203 Ut
899 163 940 203 in
968 161 1298 217 comparatione
1323 175 1342 202 a
1369 175 1400 202 s,
1428 158 1607 201 Thoma

189 234 379 276 adhibita
425 235 647 285 sistamus,
683 249 781 275 cum
820 235 938 275 Deus
973 232 1077 274 velit
1126 233 1381 274 societatem
1417 230 1607 284 civilem,

187 306 421 348 dicendum
450 303 646 362 profecto
682 316 761 359 est,
796 319 896 346 eum
925 303 1006 345 hoc
1031 304 1160 345 etiam
1197 303 1320 358 velle,
1350 301 1467 359 quod
1494 316 1607 343 nun-

186 392 317 433 quam
354 378 395 418 in
432 377 520 432 ipsa
555 374 699 417 desint
736 375 968 431 agricolae,
1002 373 1205 429 artifices,
1239 373 1503 427 sacerdotes,
1538 372 1603 414 iu-

187 447 302 489 dices
337 459 432 494 etc.,
469 447 631 502 paucis,
667 445 807 488 officia
841 446 926 499 illa,
952 446 1044 487 sine
1079 444 1254 502 quibus,
1281 457 1328 487 ut
1362 445 1446 486 iam
1473 442 1604 500 paulo

187 530 286 560 ante
312 517 502 560 diximus
527 516 614 574 (Ι),
639 517 789 559 civitas
815 517 968 574 nequit
1003 517 1258 558 consistere.
1284 517 1484 558 Iamvero
1505 515 1604 569 hoc,

188 589 304 647 quod
326 601 389 630 est
410 588 572 630 civitati
594 589 907 644 necessarium,
922 587 1129 645 quodque
1150 587 1334 644 proinde
1354 589 1475 630 Deus
1494 588 1602 643 vult,

189 677 382 719 quonam
411 659 545 702 modo
571 659 717 703 divina
741 660 1017 718 providentia
1042 659 1199 704 efficit?
1223 658 1269 702 Id
1294 658 1456 716 absque
1481 675 1602 716 prae-

188 733 323 789 ceptis
359 730 529 773 obtinet
565 747 639 788 per
675 732 893 774 naturales
939 730 1234 787 habitudines,
1269 746 1375 788 quas
1410 729 1601 773 diversas

187 805 229 845 in
251 803 432 845 diversis
453 803 621 855 inserit,
636 803 868 846 accedente
887 804 1094 846 varietate
1110 803 1472 857 occasionum‚ut
1486 817 1603 844 com-

185 875 320 929 modi,
346 875 469 929 lucri,
494 873 648 930 famae,
673 874 994 931 complexionis
1029 886 1124 929 etc.,
1159 875 1202 916 in
1238 872 1398 931 quibus
1437 873 1600 930 singuli

185 944 479 988 diversimode
496 946 791 1002 reperiuntur.
808 945 949 987 Simili
964 945 1098 1001 igitur
1126 957 1268 1002 pacm,
1284 945 1318 985 si
1342 945 1386 985 in
1408 943 1600 986 humana

183 1018 504 1059 communitate
540 1028 716 1074 oportet
760 1028 807 1059 ut
854 1017 941 1058 sint
991 1031 1282 1071 successores,
1318 1015 1400 1057 hoc
1435 1014 1598 1072 absque

185 1100 417 1146 praecepto
437 1087 583 1131 divina
603 1087 733 1130 efficit
753 1087 1027 1145 providentia
1047 1102 1122 1144 per
1140 1086 1451 1129 vehementem
1473 1099 1598 1129 natu-

186 1176 255 1203 rae
276 1161 537 1202 instinctum
563 1176 638 1202 seu
660 1161 1007 1217 propensionem
1027 1158 1078 1201 ad
1098 1159 1288 1215 nuptiaS‚
1309 1173 1418 1216 quae
1442 1160 1485 1201 in
1504 1158 1598 1215 plu-

183 1233 306 1275 rimis
326 1247 419 1274 sese
440 1232 624 1288 explicat
647 1244 776 1289 atque
802 1233 845 1274 in
866 1244 1012 1274 actum
1033 1230 1247 1287 redigitur
1267 1230 1323 1273 ob
1347 1243 1598 1288 opportuna

182 1316 369 1360 aptaque
389 1302 607 1358 adiuncta,
623 1303 665 1344 in
687 1301 847 1360 quibus
863 1303 1043 1359 plurimi
1057 1302 1260 1344 homines
1276 1301 1596 1361 versantur(2).

250 1500 305 1544 (Ι)
334 1499 388 1534 Cf.
417 1511 532 1544 super.
561 1499 655 1533 thes,
684 1500 754 1533 XL.
783 1499 894 1533 schol.

251 1561 307 1605 (2)
336 1561 465 1594 iuverit
484 1560 571 1594 hacc
592 1559 658 1594 alia
687 1572 711 1593 s.
742 1560 919 1601 Thomue,
942 1561 975 1593 in
987 1558 1097 1604 suppl.
1115 1571 1146 1604 q.
1163 1569 1217 1601 41.
1249 1570 1278 1593 a.
1298 1569 1326 1593 2.
1354 1559 1395 1593 ad
1426 1570 1469 1601 4.,
1489 1558 1595 1594 verba

181 1619 318 1653 afferre:
331 1619 489 1653 «Natura
506 1618 661 1652 hnmana
677 1619 916 1652 communiter
935 1619 975 1652 ad
993 1618 1133 1651 diversa
1149 1618 1265 1652 officia
1279 1627 1421 1652 etactus
1437 1617 1594 1651 inclinat.

180 1678 249 1711 Sed
272 1678 351 1722 quia
371 1686 422 1710 est
451 1677 692 1710 diversimode
720 1677 754 1709 in
782 1677 942 1719 diversis,
965 1676 1161 1710 secundum
1181 1676 1275 1721 quod
1295 1676 1534 1710 individuatur
1559 1676 1595 1709 in

178 1737 246 1771 hoc
262 1736 319 1770 vel
333 1737 367 1770 in
383 1736 454 1778 illo,
471 1748 580 1769 unum
597 1736 710 1781 magis
727 1735 872 1770 inclinat
888 1736 929 1770 ad
945 1735 1205 1769 unumillorum
1222 1735 1419 1769 officiorum
1438 1745 1471 1770 et
1488 1735 1594 1769 alium

178 1797 292 1840 magis
321 1796 361 1830 ad
391 1795 495 1837 alind,
524 1806 565 1829 ex
593 1795 798 1829 diversitate
826 1795 1115 1840 complexionum
1142 1796 1364 1828 diversorum
1391 1794 1594 1829 individuo-

178 1867 266 1888 rum.
285 1856 327 1889 Et
356 1866 396 1888 ex
423 1854 488 1888 hac
511 1854 716 1888 diversitate
736 1853 840 1887 simul
861 1866 941 1888 cum
960 1854 1076 1887 divina
1104 1854 1339 1898 providentia,
1360 1865 1450 1898 quae
1472 1855 1593 1888 onmia

177 1914 394 1953 moderatur,
415 1914 589 1957 contingit
610 1913 704 1957 quod
725 1925 814 1946 unus
835 1912 942 1958 eligat
959 1925 1069 1946 unum
1085 1912 1253 1952 officium,
1274 1922 1312 1947 ut
1330 1912 1592 1956 agriculturam,

179 1980 212 2005 et
241 1971 326 2005 alins
355 1971 459 2005 aliud.
481 1972 522 2005 Et
551 1972 597 2004 sic
620 1971 728 2004 etiam
755 1972 940 2016 contingit,
960 1972 1054 2016 quod
1083 1971 1226 2016 quidam
1246 1971 1378 2015 eligant
1405 1973 1593 2006 matrimo-

175 2029 307 2063 nialem
326 2031 437 2064 vitam
458 2039 491 2064 et
510 2030 653 2074 quidam
681 2029 1008 2074 contemplativam.
1029 2030 1134 2063 L'nde
1155 2029 1290 2063 nullum
1310 2030 1504 2075 periculum
1524 2031 1593 2063 im-

175 2090 330 2129 minet»,
347 2089 440 2134 quod
460 2089 593 2123 scilicet
614 2089 860 2134 multiplicatio
881 2090 1022 2134 generis
1042 2090 1200 2131 humani,
1217 2102 1260 2123 eo
1282 2090 1376 2134 quod
1397 2102 1469 2124 non
1490 2091 1592 2125 cadat

177 2159 239 2193 pro
267 2148 413 2192 singulis
442 2148 504 2181 sub
532 2157 734 2193 praecepto,
763 2149 806 2183 sit
835 2149 1000 2182 desitura.
1029 2149 1103 2182 Hac
1130 2149 1174 2182 dc
1202 2160 1238 2182 re
1265 2148 1400 2182 nullum
1427 2150 1591 2194 profecto

177 2207 371 2253 periculum
390 2208 566 2241 imminet.
584 2208 724 2242 Etenim
742 2209 937 2253 virginitas,
954 2217 991 2242 ut
1007 2218 1086 2253 apte
1103 2220 1128 2241 s.
1145 2208 1388 2254 Hieronymus
1409 2211 1592 2254 respondit

176 2266 361 2299 on-iniano
388 2266 581 2303 haeretico,
611 2275 664 2300 est
702 2278 758 2300 res
798 2266 960 2309 difficilis,
1002 2275 1036 2301 et
1067 2267 1216 2311 proinde
1255 2279 1310 2301 res
1349 2279 1448 2302 rara:
1489 2271 1591 2314 pauci

177 2333 256 2358 sunt
284 2324 340 2369 qui
368 2324 521 2358 habeant
549 2325 707 2358 animum
733 2324 831 2359 illam
859 2324 1131 2370 complectendi.
1160 2327 1222 2360 Est
1250 2326 1365 2359 lilium
1399 2327 1486 2360 inter
1523 2329 1588 2374 spi-

177 2394 236 2416 nas
262 2382 383 2425 (Cant.
412 2383 452 2416 ΙΙ.
485 2383 540 2427 ῐ.);
570 2394 587 2417 a
615 2384 724 2428 spinis
751 2395 795 2417 ne
823 2393 1035 2429 pungantur,
1062 2384 1220 2430 plerique
1247 2386 1363 2430 ipsum
1389 2386 1501 2420 lilium
1530 2398 1590 2421 re-

175 2441 348 2486 linquunt.
377 2442 439 2476 Est
465 2441 575 2476 lilium
604 2454 707 2486 super
735 2443 909 2489 epistyllia
938 2444 1012 2477 sire
1040 2444 1196 2489 cztpi'ulla
1217 2446 1451 2479 colummmnn
1474 2447 1590 2493 templi
