1705 2787
661 47 921 92 „241-.

79 153 274 185 mortem
308 138 404 199 (1):
442 141 717 185 constituere
751 142 794 185 in
819 141 1003 186 materia
1027 141 1172 200 aliqua
1195 139 1396 185 medium
1416 141 1501 185 vir-

77 213 185 256 tutis
205 213 511 256 necessarium
532 213 584 257 ad
618 213 900 258 honestatem
941 214 1058 257 eius:
1095 212 1292 270 obligare
1316 213 1361 256 in
1396 228 1501 257 con-

76 285 282 328 scientia:
318 283 542 328 vindicare
576 286 761 329 iniurias
797 286 1084 343 singulorum
1118 298 1198 328 ete.

195 356 277 413 3.⁰)
311 355 550 412 Differunt‚
586 358 796 414 inspectis
830 358 898 412 iis,
932 372 1045 415 quae
1078 356 1302 401 affirmant
1335 356 1388 401 de
1428 373 1500 400 su—

77 426 220 470 biecto
255 426 423 484 politici
461 428 752 485 principatus,
789 455 842 460 -—
868 428 1071 472 Tantum
1095 428 1233 486 abest,
1259 442 1307 474 ut
1330 442 1499 473 veteres

75 497 395 542 arbitrarentur
431 514 693 556 supremam
728 512 993 557 potestatem
1028 515 1119 543 non
1155 516 1283 558 posse
1308 500 1499 544 residere

75 570 160 613 nisi
193 571 238 613 in
273 571 618 626 communitate,
652 586 765 630 quae
801 583 865 614 est
916 572 1218 614 recentiorum
1267 573 1500 627 sententia,

75 653 124 685 ut
158 657 179 684 e
213 642 439 685 contrario
476 640 809 699 affirmaverint,
847 661 866 683 «
895 658 991 686 eam
1031 642 1258 686 transferri
1291 659 1313 686 a
1348 643 1500 687 multi-

75 712 229 757 tudine
264 714 309 756 in
344 728 491 756 unum
525 712 594 756 vel
628 713 777 770 plures
813 713 969 757 eodem
1004 714 1099 756 iure
1133 726 1317 758 naturae
1352 713 1448 773 (2):
1478 732 1496 754 »

75 784 281 841 dixerint,
318 802 338 825 «
366 785 593 827 rationem
628 785 878 828 naturalem
913 785 1076 828 dictare
1112 801 1202 828 non
1237 800 1331 828 esse
1356 801 1501 828 neces-

74 857 257 912 sarium,
291 856 383 899 imo
419 870 498 899 nec
532 857 804 899 conveniens
855 868 1039 899 naturae
1085 856 1289 899 rationali
1339 855 1498 899 habere

76 928 188 970 hanc
222 938 489 984 potestatem
526 926 857 970 immutabilem
901 928 944 969 in
983 928 1306 970 communitate
1340 927 1437 986 (3):
1478 946 1496 968 »

74 998 439 1054 existimaverint,
475 997 784 1041 monarchiam
830 998 1027 1056 aliasque
1062 997 1227 1040 formas
1277 1014 1370 1041 esse
1404 1014 1499 1056 per-

74 1069 278 1113 fectiores
313 1068 601 1125 democratia,
635 1084 682 1112 ac
717 1068 904 1127 proinde
940 1071 997 1112 ita
1037 1069 1371 1127 temperandam
1405 1086 1498 1113 esse

75 1140 400 1197 monarchiam,
436 1154 484 1184 ut
521 1158 541 1180 «
565 1153 798 1199 postremo
824 1141 922 1184 loco
946 1142 1001 1184 sit
1027 1140 1311 1197 democratia,
1335 1142 1498 1199 quippe

73 1229 184 1272 quae
218 1214 264 1256 in
298 1212 539 1256 seditiones
574 1229 667 1256 non
701 1228 800 1256 raro
835 1212 1072 1271 degenerat
1105 1213 1192 1271 (4).
1220 1232 1240 1253 >›

190 1282 272 1341 4⁰)
305 1282 543 1339 Differum,
578 1283 788 1340 inspectis
822 1284 889 1339 iis,
923 1299 1036 1341 quae
1070 1294 1274 1326 statuunt
1296 1281 1347 1326 de
1381 1285 1498 1341 prin-

71 1352 240 1411 cipibus
276 1365 318 1396 et
352 1352 549 1410 regibus.
586 1380 639 1385 —-
674 1354 733 1396 Hi
767 1369 847 1412 pro
898 1353 1223 1396 recentioribus
1267 1369 1359 1396 non
1393 1366 1498 1396 sunt

72 1426 157 1468 nisi
192 1425 387 1468 ministri
422 1424 591 1482 populi,
626 1426 812 1483 eiusque
849 1424 1127 1482 mandatarii,
1163 1427 1239 1483 qui
1274 1442 1295 1468 a
1330 1427 1497 1484 populo

72 1507 260 1554 possunt
293 1511 373 1553 pro
407 1495 533 1539 libito
568 1495 730 1553 deponi
755 1508 796 1539 et
821 1497 856 1538 si
881 1495 1099 1539 obsistant
1123 1497 1259 1539 armis
1277 1497 1493 1540 coerceri:

70 1568 180 1625 quin
214 1566 257 1610 id
292 1567 440 1624 putari
474 1567 616 1624 possit
651 1566 847 1610 rebellio.
873 1566 998 1620 Quid
1021 1579 1173 1609 autem
1198 1569 1398 1610 veteres?
1422 1566 1497 1610 Af-

72 1637 253 1682 firmant
285 1636 374 1696 (5),
409 1637 530 1696 quod
567 1638 827 1681 «translata
872 1650 1090 1695 potestate
1126 1638 1170 1680 in
1219 1653 1385 1695 regem,
1419 1653 1495 1695 per

70 1709 192 1752 illam
227 1724 302 1752 rex
335 1707 524 1751 efficitur
568 1709 773 1766 superior
823 1710 956 1751 etiam
1006 1724 1159 1765 regnO,
1204 1707 1325 1767 quod
1373 1708 1495 1752 illam

71 1780 204 1837 dedit,
238 1782 341 1839 quia
375 1780 520 1824 dando
555 1781 675 1824 illam
710 1798 755 1823 se
790 1781 992 1835 subiecit,
1027 1794 1069 1824 et
1107 1782 1246 1838 priori
1294 1780 1495 1824 libertate

69 1854 276 1911 privavit:
306 1871 326 1893 »
362 1866 584 1910 asserunt,
605 1869 755 1911 regem
779 1854 1007 1911 supposita
1044 1853 1334 1896 translatione
1361 1870 1381 1892 «
1407 1853 1492 1895 iam

69 1940 222 1983 gerere
255 1926 397 1969 vicem
433 1926 515 1969 Dei
550 1938 592 1969 et
617 1926 817 1969 naturale
842 1926 911 1968 ius
941 1924 1140 1982 obligare
1174 1924 1226 1968 ad
1250 1924 1497 1982 parendum

142 2123 199 2167 (1)
227 2122 284 2157 Cf.
311 2134 417 2168 super
445 2135 526 2168 pag.
557 2133 633 2168 194.
661 2135 758 2167 seqq.

143 2181 200 2226 (2)
226 2182 279 2216 Ita
306 2181 558 2223 Bellarminus,
587 2181 631 2214 de
660 2181 773 2215 Laicis
802 2181 822 2215 1.
852 2182 910 2215 ΙΙΙ.
937 2192 964 2215 c.
993 2180 1024 2214 6.

145 2241 202 2285 (3)
230 2241 282 2275 Ita
309 2242 455 2281 Suarez,
486 2240 529 2273 de
559 2239 629 2285 leg.
660 2239 679 2272 1.
712 2251 740 2283 3.
767 2251 798 2273 c.
831 2251 858 2284 3.
888 2252 983 2274 nuni.
1012 2240 1072 2274 ult.

141 2302 188 2342 (4)
216 2300 273 2334 Sic
301 2299 548 2342 Bellarminus,
567 2300 610 2333 de
638 2300 744 2332 Rom.
774 2300 877 2334 Pont.
906 2299 948 2333 ab
976 2300 1049 2334 init.
1078 2299 1132 2342 Cs,
1159 2312 1265 2346 super
1279 2312 1358 2346 pag.
1380 2311 1497 2336 201et

144 2360 191 2402 (5)
219 2359 323 2400 Quae
364 2359 583 2400 subiicimus,
628 2367 710 2391 sunt
750 2358 857 2391 verba
898 2359 1063 2395 Sum-osii,
1103 2359 1146 2394 de
1178 2358 1247 2406 leg.
1275 2358 1296 2395 l.
1324 2360 1382 2394 ΙΙΙ.
1411 2373 1438 2394 c.
1466 2371 1497 2404 4.

77 2430 175 2454 num.
202 2416 244 2463 6.,
272 2417 344 2451 def.
376 2417 433 2453 fid,
466 2417 486 2452 l.
515 2418 574 2455 ΙΙΙ,
603 2429 629 2451 c.
662 2428 690 2461 3.
719 2429 816 2452 num.
848 2427 897 2451 12.
