1705 2787
636 80 896 134 „157-

147 187 205 229 At
239 185 414 230 secundo
448 187 601 245 quaeri
626 187 812 230 ulterius
847 198 1007 245 potest:
1029 185 1252 230 undenam
1271 184 1335 242 fit,
1355 184 1477 243 quod

57 256 137 300 hae
171 256 377 313 familiae,
412 256 496 300 hoc
530 273 736 315 numero,
782 258 865 301 hoc
904 258 949 301 in
988 258 1101 314 loco,
1126 257 1206 300 hac
1238 257 1410 300 ratione
1434 267 1476 300 et

56 328 214 385 forma,
248 327 330 371 sub
368 329 464 371 istis
499 328 686 386 legibus,
710 330 859 373 vivant
895 330 1064 372 mutuis
1084 330 1198 372 inter
1223 344 1268 372 se
1293 327 1470 371 relatio-

56 399 187 444 nibus
222 399 449 443 devinctae
483 400 528 442 in
564 417 707 443 unum
742 401 976 458 politicum
1011 404 1213 458 corpus?
1251 401 1369 443 Haec
1410 411 1475 442 est

55 471 256 528 quaestio
291 469 343 513 de
377 470 550 527 origine
573 471 796 514 societatis
831 471 969 514 civilis
1007 473 1046 514 in
1074 470 1323 529 particulari
1357 482 1399 513 et
1433 470 1475 512 in

54 550 248 586 concreto.
282 541 331 585 Id
364 557 468 584 sane
494 557 586 584 non
626 554 690 585 est
734 542 989 586 immediate
1023 559 1045 585 a
1081 555 1252 599 natura,
1302 542 1377 585 sed
1421 550 1476 584 est

54 612 281 656 izizniediate
315 611 365 655 ab
399 611 534 670 aliquo
560 612 673 670 facto
708 623 904 666 concreto,
931 615 1035 671 qnod
1050 613 1242 672 familias
1262 612 1473 656 stabilibus

56 685 157 726 inter
191 698 230 726 se
264 682 529 726 relationibus
564 683 780 726 devinciat.
817 685 869 727 Et
903 685 971 727 vel
991 684 1068 727 hac
1094 696 1270 727 tantum
1291 699 1474 741 respon—

55 755 195 810 sione,
244 752 296 797 ad
330 753 651 811 philosophum
686 755 805 812 quod
841 768 1022 812 spectat,
1063 756 1265 813 quaestio
1300 754 1352 798 de
1388 756 1475 797 ori-

54 842 156 883 gine
176 826 364 870 civitatis
388 826 433 868 in
458 826 713 882 particulari
740 827 822 869 iam
850 828 1015 869 censeri
1042 839 1188 884 potest
1207 828 1475 870 convenien-

54 908 119 939 ter
154 896 312 939 soluta.
349 895 594 948 Quodnam
630 897 749 939 enim
786 896 917 939 fuerit
952 898 995 939 in
1022 898 1164 954 specie
1191 897 1273 940 hoc
1310 896 1474 939 factum

54 983 134 1026 pro
172 967 360 1025 singulis
401 966 667 1023 civitatibus,
698 967 739 1011 id
770 968 970 1012 historici
1005 967 1166 1011 debent
1187 969 1410 1027 inquirere
1431 981 1473 1011 et

53 1038 364 1082 determinare.
398 1038 701 1096 Philosophus
726 1051 871 1096 potest
896 1039 1091 1096 generali
1116 1038 1311 1097 quodam
1337 1038 1474 1082 modo

53 1111 276 1167 assignare
311 1111 545 1168 praecipua
578 1109 703 1167 facta,
738 1126 849 1169 quae
904 1112 1126 1168 originem
1177 1111 1378 1154 societati
1416 1111 1474 1154 ci-

51 1181 127 1225 vili
160 1182 205 1227 in
239 1194 452 1225 concreto
487 1181 588 1225 dare
614 1195 817 1240 possunt.
844 1182 980 1236 Quod
1006 1199 1086 1225 nos
1112 1184 1155 1226 in
1181 1182 1316 1226 altera
1336 1182 1469 1225 huius

56 1253 232 1296 theseos
267 1265 389 1310 parte
424 1254 575 1297 statim
608 1253 945 1312 praestabimus,

140 1326 192 1368 ΙΙ.
228 1325 463 1383 Multiplex
497 1338 539 1369 et
572 1327 745 1370 varium
780 1338 845 1369 est
879 1325 1059 1381 factum,
1093 1343 1144 1369 ex
1169 1342 1258 1384 quo
1278 1327 1466 1370 societas

53 1395 195 1439 civilis
214 1396 259 1439 in
285 1396 540 1453 particulari
560 1409 707 1454 potest
731 1398 951 1454 originem
973 1396 1147 1440 ducere.
1173 1398 1340 1441 Civitas
1365 1398 1472 1440 oriri

52 1479 199 1525 potest
224 1483 347 1511 —ex
380 1467 520 1511 libero
554 1468 752 1526 plurium
787 1468 1055 1512 familiarum
1072 1485 1163 1512 non
1179 1482 1473 1527 cognatarum

52 1540 97 1582 in
131 1537 340 1582 eumdem
375 1539 525 1583 locum
560 1539 762 1584 nondum
797 1540 848 1583 ab
885 1541 970 1584 ulla
1004 1541 1168 1585 familia
1203 1554 1468 1599 occupatum

50 1610 416 1654 convenientium
451 1626 672 1655 consensu
699 1638 751 1643 —
769 1612 836 1655 vel
859 1630 909 1655 ex
934 1612 1124 1656 adventu
1151 1625 1468 1656 extraneorum

52 1684 96 1726 in
131 1683 410 1726 territorium
444 1683 532 1726 iam
566 1682 617 1726 ab
652 1683 797 1741 aliqua
832 1683 997 1727 familia
1032 1696 1299 1742 occupatum
1326 1711 1377 1716 —
1404 1685 1472 1728 vel

50 1770 102 1798 ex
133 1754 318 1797 alicuius
354 1754 550 1797 hominis
584 1768 819 1813 potestate,
866 1758 941 1813 qui
988 1755 1335 1813 independentes
1370 1772 1392 1799 a
1425 1772 1470 1799 se

50 1825 235 1869 familias
269 1841 350 1869 suo
384 1825 635 1870 dominatui
668 1827 843 1885 subigat
868 1855 920 1859 —
945 1827 1013 1871 vel
1036 1843 1087 1870 ex
1120 1827 1214 1870 aliis
1248 1826 1469 1871 similibus

50 1897 188 1941 factis,

139 1969 200 2012 Ut
234 1968 438 2027 exemplo
472 1968 622 2027 aliquo
658 1985 751 2012 rem
778 1970 1068 2026 illustremus,
1094 1985 1147 2012 en
1168 1970 1316 2026 paucis
1341 1970 1469 2027 origo

50 2040 260 2084 historica
293 2041 470 2084 inclitae
505 2040 771 2099 reipublicae
808 2043 1018 2084 Venetae.
1054 2041 1186 2084 Multi
1220 2041 1464 2099 Aquileiae,

50 2111 237 2168 Paduae,
273 2112 555 2170 aliorumque
591 2112 793 2155 locorum
831 2112 1016 2167 incolae,
1052 2125 1099 2155 ut
1135 2112 1378 2170 effugerent
1400 2130 1468 2157 va-

50 2183 288 2225 stationem
325 2182 631 2239 barbarorum,
667 2183 938 2241 illorumque
974 2185 1248 2241 praesertim,
1272 2200 1463 2242 quorum

51 2251 138 2296 dux
171 2253 322 2310 Attila,
356 2269 401 2296 se
436 2269 481 2296 se
515 2254 804 2297 contulerunt
838 2255 880 2296 in
918 2269 1068 2311 parvas
1104 2254 1197 2297 illas
1218 2255 1383 2298 insulas
1409 2256 1466 2299 la-

50 2337 184 2365 cuum
218 2338 294 2366 seu
329 2335 610 2380 stagnorum,
645 2339 756 2381 quae
783 2323 914 2366 hodie
940 2324 1109 2366 Veneta
1134 2338 1467 2382 nuncupantur.

49 2393 305 2437 Nonnullos
339 2393 399 2437 ibi
433 2395 672 2450 piscatores
708 2396 991 2450 invenerunt,
1026 2396 1100 2453 qui
1126 2396 1262 2438 vitam
1288 2397 1464 2440 rusticis

49 2465 91 2509 in
125 2467 233 2509 casis
269 2466 499 2524 degebant.
538 2467 590 2509 lis
628 2483 670 2509 se
707 2483 749 2508 se
784 2466 1096 2523 adiunxerunt,
1131 2480 1173 2511 ct
1200 2468 1258 2510 sic
1283 2468 1463 2512 initium
