1705 2787
687 87 918 130 -25-

80 196 183 224 cum
213 180 313 224 aliis,
347 179 462 237 Ergo
495 192 640 223 natura
672 178 761 222 vult
793 178 1015 222 hominem
1047 179 1178 220 vitam
1209 179 1306 220 cum
1338 176 1425 220 aliis
1447 192 1517 221 50-

79 251 231 300 cialem
262 252 414 294 vivere.
450 251 564 294 Haec
596 267 692 294 sane
724 250 938 294 conclusio
971 261 1031 292 est
1064 248 1282 292 manifesta
1312 248 1394 307 (Ι),
1438 250 1518 293 11151

85 335 301 367 auctorem
330 334 498 366 naturae
531 321 779 379 redarguere
822 321 998 364 velimus
1044 320 1110 363 vel
1153 319 1415 374 crudelitatiS,
1464 336 1516 364 eo

78 393 199 452 quod
230 393 336 437 nolit
367 393 594 437 hominem
627 393 806 451 perfecta
837 409 978 436 rerum
1025 391 1268 436 sufficientia
1316 391 1408 445 frui,
1452 392 1518 436 vel

84 465 448 522 improvidentiae,
484 480 535 507 eo
569 463 682 521 quod
705 464 818 507 illam
844 463 1058 507 intendens
1080 474 1221 506 tamen
1242 478 1334 519 non
1353 463 1422 507 det
1443 462 1518 506 ho-

80 537 190 582 ⁴mini
222 535 403 580 modum
434 535 550 579 illam
581 535 848 592 assequendi:
883 550 934 577 eo
968 534 1032 577 vel
1066 535 1213 591 magis,
1238 533 1352 591 quod
1374 546 1519 579 natura

84 605 298 650 liberalem
329 622 372 649 se
407 618 447 649 et
470 605 692 663 providam
713 618 828 663 gerat
851 621 952 663 erga
974 604 1104 658 bruta,
1129 621 1232 662 quae
1254 618 1395 648 tamen
1421 619 1516 649 sunt

80 690 252 736 propter
284 678 516 721 hominem.

173 750 242 794 ΠΙ.
276 750 505 806 Arguimus
537 750 652 792 tertio
686 765 738 791 ex
769 749 956 793 naturali.
981 764 1062 805 qua
1083 748 1216 791 homo
1245 747 1320 791 sibi
1353 747 1516 791 relictus

79 819 255 875 laborat,
288 822 535 878 impotentia
567 836 610 862 56
642 820 893 878 protegendi
925 832 963 862 et
996 819 1245 863 defendendi
1269 819 1317 862 ab
1345 821 1515 863 iniuriis.

82 917 137 922 —
175 909 195 932 ‹<
230 892 416 946 Etiamsi,
451 904 494 934 ut
529 891 640 935 idem
672 893 808 949 pergit
851 891 1135 945 Bellarminus,
1186 893 1360 949 quisque
1407 890 1516 934 suffi-

12 975 16 980 ·
75 974 191 1006 ·ce1·et
222 962 299 1006 sibi
331 963 382 1007 ad
413 963 655 1016 vivendum,
689 975 831 1006 tamen
863 978 1094 1020 numquam
1116 962 1319 1006 sufficeret
1342 963 1392 1006 ad
1416 978 1513 1021 pro-

81 1034 312 1091 tegendum
343 1051 384 1078 se
417 1034 466 1078 ab
499 1036 657 1092 impetu
690 1034 872 1077 ferarum
904 1047 943 1077 et
974 1035 1199 1088 latronum,
1233 1034 1304 1078 sed
1350 1034 1399 1078 ad
1432 1034 1514 1078 1106

81 1121 245 1149 11666556
277 1119 337 1149 651
369 1108 592 1150 convenire
625 1119 665 1150 et
698 1106 857 1149 collatis
889 1105 1043 1149 viribus
1076 1107 1274 1149 resistere.
1314 1124 1334 1146 ))
1371 1106 1514 1158 Quare

78 1177 195 1221 idem
227 1194 364 1221 rursus
396 1178 502 1222 redit
533 1191 843 1236 argumentum.
878 1179 1038 1221 Natura
1070 1194 1165 1221 sane
1197 1193 1284 1220 non
1316 1177 1404 1220 vult
1442 1177 1515 1221 ho·

80 1251 244 1293 minem
276 1266 362 1294 esse
394 1250 635 1294 facillimam
667 1250 847 1293 ferarum
880 1250 1074 1307 praedam
1108 1265 1153 1292 ac
1200 1251 1415 1292 victimam
1456 1248 1514 1292 la-

81 1332 265 1364 tronum.
298 1322 429 1378 Atqui
460 1321 550 1364 talis
593 1333 653 1364 est
701 1321 848 1373 homo,
893 1321 926 1363 si
972 1320 1176 1363 solitarius
1224 1320 1349 1372 vivat,
1397 1335 1512 1362 secus

83 1404 235 1447 autem,
268 1394 301 1436 si
333 1394 446 1436 Vivat
479 1392 696 1436 socialiter.
731 1393 845 1449 Ergo
878 1404 1022 1435 natura
1053 1391 1141 1433 vult
1173 1391 1396 1434 hominem
1425 1406 1511 1434 non

75 1463 252 1521 ⁴quidem
283 1463 523 1518 solitariam,
557 1464 627 1508 sed
659 1463 857 1507 socialem
879 1465 1007 1506 vitam
1029 1479 1167 1520 agere.

169 1536 242 1579 IV.
275 1537 504 1594 Arguimus
537 1544 675 1593 quarto
708 1552 758 1578 ex
791 1551 855 1588 eo,
891 1534 1004 1592 quod
1028 1535 1160 1577 homo
1184 1546 1299 1577 extra
1331 1534 1510 1577 aliorum

76 1609 342 1651 consortium
373 1609 516 1651 vivens
549 1607 688 1650 multis
721 1608 899 1650 scientiis
933 1619 972 1649 et
1005 1605 1156 1649 artibus
1179 1605 1401 1662 multisque
1433 1606 1512 1648 Vir-

79 1679 234 1722 tutibus
278 1692 445 1732 careret,
494 1680 633 1736 sicque
683 1678 794 1722 rudis
843 1679 1019 1721 0111111110
1068 1689 1188 1734 atque
1247 1676 1511 1733 imperfectus

77 1763 279 1794 maneret.
329 1776 383 1782 -—
421 1769 442 1791 <c
490 1751 604 1794 Licet
651 1750 785 1793 homo
832 1748 1036 1791 sufficeret
1083 1747 1158 1790 sibi
1195 1749 1319 1790 etiam
1367 1759 1511 1791 contra

78 1820 234 1875 hostes,
268 1834 409 1865 tamen
441 1837 605 1879 semper
637 1833 825 1864 maneret
857 1820 981 1873 rudis,
1016 1832 1054 1862 61
1092 1835 1256 1876 exspers
1289 1820 1508 1875 sapientiae

75 1902 121 1934 et
153 1893 328 1935 iustitiae
360 1892 671 1949 multarumque
703 1891 875 1934 aliarum
909 1891 1122 1943 virtutum,
1157 1905 1253 1931 cum
1285 1901 1426 1931 tamen
1459 1889 1509 1933 ad

83 1961 164 2021 hoc
196 1964 281 2006 nati
312 1964 454 2017 simus,
488 1975 531 2006 ut
564 1976 751 2006 mentem
784 1974 823 2005 et
856 1961 1117 2005 voluntatem
1147 1962 1365 2018 praecipue
1398 1976 1509 2003 exer-

74 2049 258 2078 ceamus.
293 2036 407 2080 Nam
438 2037 630 2078 scientiae
664 2047 704 2078 et
737 2046 841 2077 artes
872 2034 1004 2091 longo
1039 2045 1230 2090 tempore
1264 2044 1303 2074 et
1326 2048 1347 2074 a
1369 2031 1509 2074 multis

77 2105 272 2150 ,inventae
304 2119 411 2160 sunt,
445 2119 485 2150 et
516 2108 604 2149 sine
639 2106 812 2150 doctore
845 2106 998 2162 percipi
1031 2120 1117 2147 non
1138 2115 1333 2161 possunt:
1358 2104 1509 2146 iustitia

83 2189 221 2220 autem
253 2180 419 2221 nonnisi
452 2180 493 2221 in
525 2179 720 2221 societate
752 2178 934 2220 exerceri
968 2188 1116 2233 potest,
1151 2191 1247 2218 cum
1288 2177 1337 2218 sit
1380 2176 1508 2218 virtus

153 2293 210 2339 (t)
236 2294 501 2340 Argumentum
529 2293 597 2326 hoc
625 2292 723 2326 alteri
750 2292 831 2325 111116
858 2290 973 2325 51111116
993 2299 1056 2324 651.
1075 2291 1208 2324 Natura
1227 2290 1300 2324 vult
1319 2291 1507 2324 hominem

36 2377 37 2381 ,
76 2363 126 2386 >ex
151 2360 266 2388 terrae
292 2353 460 2388 fructibus
487 2354 605 2387 cibum
633 2353 775 2386 habere.
804 2352 872 2386 Sed
909 2360 1014 2393 terra,
1040 2352 1067 2386 si
1109 2363 1188 2386 eam
1228 2352 1394 2385 homines
1434 2363 1507 2385 non

77 2411 258 2455 excolant,
285 2413 542 2448 convenientes
582 2412 712 2446 fructus
752 2423 825 2445 11011
851 2411 929 2452 sert,
956 2411 1022 2445 sert
1057 2420 1188 2453 autem,
1216 2412 1242 2445 si
1270 2423 1348 2445 eam
1377 2410 1509 2445 colant.

79 2471 177 2518 Ergo
204 2480 328 2506 natura
354 2472 429 2506 vult
455 2472 644 2506 hominem
672 2472 741 2505 suis
768 2471 944 2505 laboribus
971 2479 1101 2505 terram
1129 2471 1304 2505 excolere.
