1705 2787
787 87 835 92 .-.
876 63 956 115 318
995 88 1043 93 ...-.

210 181 405 222 quornm
431 166 634 219 gravitati
659 179 723 208 est
758 167 1093 222 proportionata
1129 179 1268 222 poena
1303 165 1471 221 capitis,
1505 169 1622 220 prin-

209 252 307 292 ceps
355 234 481 276 habet
525 236 591 277 ius
635 235 767 277 taleni
814 251 1003 292 poenam
1053 234 1281 279 inferendi.
1333 234 1469 291 Atqui
1517 244 1623 276 sunt

209 305 422 364 quaedam
458 304 627 361 delicta,
661 321 771 363 quae
806 318 975 349 tantam
1001 318 1042 348 et
1077 304 1313 349 individuis
1348 316 1390 346 et
1424 304 1623 346 societati

209 389 249 418 et
294 378 388 419 Deo
433 378 642 419 iniuriam
688 375 900 431 inferunt,
945 388 993 418 ut
1038 376 1158 418 nulla
1191 375 1272 418 alia
1306 388 1446 431 poena
1481 374 1537 416 sit
1570 374 1622 416 iis

208 448 559 503 proportionata,
614 459 783 503 praeter
843 447 1000 489 mortis
1066 445 1350 503 supplicium.
1406 444 1620 500 Exemplo

208 519 310 573 sint,
369 518 565 574 plurium
614 518 924 560 innocentium
979 516 1145 566 caedes,
1195 515 1388 573 proditio
1443 515 1620 572 patriae,

206 587 507 644 parricidium.
545 588 707 631 Nonne
743 600 862 630 tanta
896 599 959 629 est
1010 587 1173 629 horum
1218 587 1460 629 criminum
1504 597 1619 627 atro-

209 659 331 713 citas,
368 672 414 701 ut
449 660 540 715 ipsa
576 660 732 701 mortis
768 674 909 715 poena
935 656 1151 700 censenda
1177 659 1231 700 sit
1255 658 1371 715 ‘infra
1406 657 1621 699 meritum?

206 758 255 762 —
283 730 348 773 Ad
384 737 454 774 2.¹¹¹
478 730 596 788 quod
621 742 802 787 spectat,
826 731 1088 773 violationes
1114 729 1282 773 ordinis
1307 727 1615 786 impediuntur

205 803 248 844 in
283 804 350 857 iis,
385 803 459 859 qui
494 801 696 844 affectum
734 802 909 844 virtutis
944 817 1035 843 non
1071 799 1248 856 habent,
1273 801 1437 843 iniecto
1456 800 1617 842 timore

203 873 254 916 dc
288 874 528 915 amissione
574 872 810 915 bonorum.
846 872 929 915 Sed
965 885 1013 915 ut
1057 871 1355 929 impediantur
1390 871 1612 928 efficaciter,

203 942 330 986 debet
365 944 434 999 agi
468 943 519 986 de
555 943 687 1001 bono,
722 943 840 1002 quod
874 942 1030 986 nefarii
1080 942 1285 985 homines
1322 942 1418 999 plus
1452 954 1618 999 ament,

203 1030 334 1072 quam
371 1015 442 1057 illa
477 1031 587 1072 quae
621 1014 843 1073 peccando
877 1013 1181 1071 adipiscuntur
1216 1013 1302 1072 (1)
1327 1015 1508 1056 Frustra
1531 1012 1618 1055 furi

202 1088 422 1129 minitaris
457 1089 746 1129 amissionem
772 1086 930 1129 famae:
957 1087 991 1128 is
1016 1087 1136 1128 enim
1161 1086 1395 1142 pecuniam
1421 1101 1470 1127 ex
1496 1083 1616 1127 furto

201 1157 490 1201 obtinendam
525 1159 621 1216 plus
656 1158 798 1215 diligit
832 1173 965 1215 quam
1001 1156 1178 1199 famam.
1214 1158 1351 1214 Atqui
1386 1157 1429 1198 in
1466 1156 1617 1198 multis

202 1229 373 1272 casibus
400 1229 586 1285 bonum,
610 1229 729 1287 quod
754 1229 925 1271 scelesti
950 1228 1156 1270 homines
1182 1229 1277 1285 plus
1298 1240 1462 1283 amant,
1482 1242 1616 1284 quam

204 1301 317 1343 bona
352 1316 402 1343 ex
435 1302 621 1343 crimine
665 1299 960 1358 percipienda,
995 1315 1085 1341 non
1135 1312 1200 1341 est
1236 1299 1320 1341 nisi
1353 1299 1454 1341 vita.
1492 1298 1609 1354 Ergo

200 1387 279 1428 pro
314 1372 364 1413 iis
400 1370 572 1414 casibus
607 1371 896 1413 amissionem
930 1371 1043 1412 vitae
1083 1369 1211 1412 debet
1245 1370 1447 1426 princeps
1483 1368 1613 1410 mini-

199 1444 280 1485 tari
314 1442 573 1485 facinorosis
609 1441 884 1495 hominibus,
920 1454 968 1483 ut
1001 1442 1045 1483 in
1071 1442 1121 1483 iis
1147 1439 1359 1497 impediat
1384 1439 1615 1482 efficaciter

199 1514 460 1556 violationes
496 1513 677 1557 ordinis.
728 1513 911 1569 Triplex
960 1528 1063 1555 sane
1098 1525 1164 1555 est
1212 1511 1451 1554 discrimen
1499 1511 1614 1553 inter

199 1587 333 1627 vitam
368 1598 408 1628 et
443 1599 585 1628 cetera
620 1584 756 1627 bona:
792 1585 878 1626 vita
913 1596 977 1626 est
1026 1583 1372 1626 fundamentum
1417 1582 1610 1624 aliorum

199 1656 652 1714 bonorum7quorum
686 1670 860 1712 semper
895 1655 1039 1712 aliqua
1073 1670 1170 1713 pars
1205 1666 1369 1709 manet,
1405 1665 1613 1696 manente

197 1727 305 1768 vita:
343 1727 434 1768 eius
477 1727 658 1769 amissio
707 1740 857 1768 secum
908 1725 1041 1767 trahit
1088 1737 1339 1767 ceterorum
1392 1710 1615 1765 bonorum

197 1798 509 1840 amissionem:
560 1810 601 1840 et
649 1796 855 1851 excludit,
889 1811 1014 1839 secus
1064 1811 1111 1838 ac
1146 1796 1338 1838 aliorum
1386 1795 1612 1838 bonorum

196 1869 391 1923 amissio,
426 1883 549 1924 spem
575 1867 892 1924 redemptionis
927 1882 1002 1909 seu
1039 1865 1326 1909 hberationis.
1353 1866 1467 1907 Hinc
1491 1879 1614 1922 prae-

198 1939 267 1981 bet
302 1952 588 1982 momentum
622 1954 696 1996 per
731 1954 776 1980 se
811 1937 1025 1986 excedens
1050 1950 1278 1980 momenta
1303 1937 1500 1979 criminis
1536 1950 1611 1978 seu

196 2010 501 2052 emolumenta
537 2026 588 2052 ex
622 2010 807 2052 crimine
844 2007 1100 2051 haurienda.

266 2204 321 2247 (Ι)
350 2205 568 2239 Recolantur
594 2217 705 2250 pauca
734 2205 791 2239 illa
812 2215 846 2240 et
866 2206 1039 2250 sapientia
1059 2217 1084 2239 s.
1107 2205 1271 2238 Tliomac
1293 2205 1410 2246 verba,
1431 2215 1521 2249 quae
1546 2204 1616 2237 iam

194 2262 299 2306 paulo
328 2272 407 2297 ante
437 2264 636 2298 attulimus:
667 2277 681 2294 a
702 2265 926 2298 Cohibentur
955 2264 1058 2309 aliqui
1090 2277 1107 2298 a
1136 2264 1330 2309 peccando,
1360 2264 1416 2308 qui
1445 2263 1613 2297 affectum

195 2322 332 2355 virtutis
359 2334 431 2355 non
458 2323 600 2365 habent,
629 2335 691 2368 per
718 2324 785 2357 lioc
814 2324 908 2368 quod
937 2324 1064 2357 timent
1083 2324 1244 2357 amittere
1277 2322 1404 2367 aliqua,
1426 2334 1516 2367 quae
1536 2321 1613 2367 plus

197 2389 316 2414 amant
344 2392 450 2425 quam
477 2380 546 2423 illa,
575 2393 665 2426 quae
692 2383 876 2426 peccando
905 2382 1166 2426 adipiscuntur:
1196 2380 1281 2415 alias
1301 2381 1409 2415 timor
1429 2392 1500 2414 non
1522 2392 1617 2413 corn-

196 2448 355 2483 pcsceret
384 2450 580 2483 peccatum.
601 2456 615 2471 »
