1705 2787
707 99 760 104 —.
797 88 846 130 53
885 98 938 104 .-

104 177 266 230 crimes,
300 177 351 221 de
382 193 564 235 guerres‚
597 178 648 222 de
680 191 894 232 meurtres‚
929 194 1008 236 que
1035 178 1084 222 de
1131 180 1300 221 mis'eres
1336 191 1375 222 et
1399 179 1538 223 d'hor-

104 263 218 291 reurs
249 249 363 291 n'efit
393 249 513 305 point
545 249 746 306 epargnes
780 265 831 292 au
863 265 991 306 genre
1026 249 1197 292 humain
1220 249 1325 292 celui
1359 252 1443 307 qui,
1478 266 1536 292 ar—

104 317 275 361 rachant
305 317 364 361 les
395 319 518 375 pieux
552 333 607 361 ou
629 318 842 362 comblant
874 319 911 362 le
933 319 1054 373 fosse,
1080 323 1147 362 eut
1170 321 1252 362 crie
1285 322 1307 362 a
1330 336 1392 363 ses
1425 336 1533 363 sem-

104 388 280 432 blables:
327 387 618 432 Gardez-vous
660 389 880 433 d'ecouter
923 403 986 434 cet
1028 392 1280 447 imposteur3
1315 407 1419 434 vous
1454 394 1537 434 etes

105 460 256 519 perdus
287 462 321 504 si
351 476 456 503 vous
489 460 650 504 oubliez
689 477 768 518 que
801 462 858 505 les
896 462 1013 506 fruits
1052 475 1146 506 sont
1179 466 1200 506 a
1233 476 1339 517 tous,
1372 476 1413 506 et
1458 479 1539 521 que

105 533 144 576 la
166 545 273 576 terre
293 535 398 576 n'est
419 534 442 576 a
462 548 668 590 personne
686 533 766 592 (1).
793 551 813 574 »
839 535 980 592 Itaque
1002 552 1053 578 ex
1076 537 1324 592 proprietate
1351 536 1423 595 (ex
1455 551 1537 578 meo

107 619 153 647 ac
186 603 270 662 tuo)
300 604 392 648 lites
425 616 538 647 ortae
585 617 680 647 sunt
711 606 816 648 inter
853 606 1060 660 homines>
1107 606 1335 661 conflictus,
1370 607 1538 650 bellum.

108 677 170 719 Ex
213 692 293 734 qua
335 678 568 720 miserrima
609 676 850 720 conditione
895 691 938 720 ut
981 678 1291 735 egrederentur,
1349 678 1541 722 homines

108 749 451 805 excogitaverunt
491 749 732 791 societatem
775 748 953 801 civilem,
1000 751 1245 792 invenerunt
1281 764 1320 792 et
1363 751 1544 793 institue-

109 832 203 863 runt
234 832 483 877 potestatem
513 819 740 877 politicam,
774 836 878 878 quae
909 837 983 878 per
1014 821 1127 878 leges
1162 834 1201 864 et
1234 837 1389 878 poenas
1419 838 1540 865 secu—

109 893 219 935 ritati
251 893 446 935 omnium
475 892 729 950 provideret.

258 963 297 1023 e)
326 964 389 1007 En
410 965 537 1022 igitur
568 965 691 1021 origo
714 966 919 1008 societatis
942 965 1085 1009 civilis.
1109 967 1210 1009 Non
1235 979 1376 1009 tamen
1402 968 1540 1010 omnis

112 1036 242 1080 civilis
274 1037 491 1079 associatio
525 1048 585 1079 est
617 1036 819 1093 legitima,
853 1036 924 1080 sed
957 1037 1094 1080 solum
1129 1038 1207 1086 illa,
1247 1054 1351 1095 quae
1377 1054 1462 1081 non
1485 1055 1545 1081 re-

110 1120 268 1165 pugnet
300 1108 491 1165 dignitati
532 1120 700 1152 naturae
742 1109 961 1152 humanae.
1010 1110 1118 1152 Huic
1168 1123 1306 1152 autem
1340 1123 1543 1167 repugnat

112 1179 326 1234 subiectio,
358 1195 439 1237 qua
459 1181 562 1237 quis,
595 1182 837 1238 praesertim
869 1182 901 1223 si
934 1180 974 1224 id
1000 1180 1067 1224 siat
1090 1181 1238 1238 absque
1262 1183 1434 1239 praevio
1459 1184 1544 1225 eius

113 1265 329 1304 consensu,
362 1263 549 1294 teneatur
580 1250 696 1294 alteri
729 1251 913 1294 subesse:
947 1251 1165 1309 eidemque
1199 1265 1402 1309 repugnat
1431 1267 1544 1295 coar-

115 1323 240 1365 ctatio
288 1321 407 1376 illius,
457 1338 538 1379 qua
579 1322 715 1366 homo
763 1334 877 1365 extra
917 1322 1037 1365 civile
1087 1325 1346 1366 consortium
1398 1325 1543 1366 vivens

114 1394 330 1448 frueretur,
363 1394 508 1452 plenae
539 1393 749 1438 libertatis.
782 1395 846 1437 En
877 1394 931 1449 id,
967 1411 989 1438 a
1021 1410 1103 1451 quo
1138 1395 1350 1438 Rousseau
1378 1397 1544 1452 eiusque

115 1478 335 1509 sectatores
357 1465 605 1509 abhorrent:
627 1464 833 1508 submissio
856 1479 896 1509 et
920 1465 1151 1509 ohedicntia.
1178 1467 1284 1508 Hine
1308 1467 1547 1522 excogitant

117 1537 397 1581 obedientiam
418 1539 735 1595 uniuscuiusque
757 1537 923 1595 sibiipsi,
948 1554 1041 1580 cum
1066 1554 1145 1594 qua
1177 1550 1215 1580 et
1248 1537 1320 1580 sub
1356 1553 1436 1595 qua
1464 1553 1548 1580 ma-

116 1620 217 1652 nent
239 1608 367 1661 liberi,
391 1621 434 1651 ut
455 1610 580 1666 prius,
605 1622 772 1652 manent
795 1610 971 1666 exleges.
997 1609 1137 1661 Quare
1158 1625 1207 1651 en
1232 1608 1448 1666 problema
1469 1609 1547 1651 sol-

115 1679 300 1724 vendum
329 1679 422 1739 (2):
446 1697 466 1721 <c
493 1680 687 1724 Trouver
704 1697 781 1723 une
802 1680 936 1723 forme
956 1680 1261 1732 &assor-ration,
1282 1682 1352 1737 qui
1370 1679 1547 1724 defende

117 1764 158 1795 et
189 1753 364 1809 protege
397 1751 448 1795 de
480 1763 595 1794 toute
627 1752 666 1795 la
696 1751 810 1795 force
849 1767 1074 1794 commune
1108 1751 1144 1793 la
1177 1767 1384 1807 personne
1416 1764 1458 1794 et
1492 1751 1548 1793 les

117 1825 231 1866 biens
264 1822 314 1867 de
347 1822 505 1881 chaque
539 1824 708 1877 associe,
741 1835 780 1866 et
812 1838 884 1880 pai·
917 1822 1089 1879 laquelle
1125 1823 1280 1865 chacun
1314 1826 1343 1863 s’
1367 1823 1550 1865 unissant

118 1899 141 1940 a
172 1908 280 1950 tous,
312 1895 530 1939 n'obeisse
561 1909 757 1953 pourtant
795 1897 898 1953 qu'a
932 1894 987 1936 lui
1027 1898 1164 1937 mem:
1214 1908 1252 1937 et
1302 1909 1405 1937 reste
1445 1896 1548 1937 aussi

122 2044 337 2052 ——-—

192 2105 248 2151 (Ι)
278 2119 296 2137 «
322 2106 385 2140 Les
404 2106 518 2152 sruils
544 2109 619 2140 sont
646 2106 666 2139 ιὶ
694 2109 779 2146 tons,
808 2105 840 2138 Ill
869 2109 958 2137 tarra
985 2105 1017 2136 [ι’
1034 2108 1079 2137 cst
1107 2104 1123 2137 [ι
1152 2114 1325 2148 personnis.
1347 2117 1360 2133 υ
1388 2103 1442 2136 En
1461 2114 1550 2137 com-

120 2165 352 2198 mnnistarzcm
379 2164 544 2199 effatum:
571 2164 614 2198 cf.
642 2176 754 2209 super.
785 2163 854 2196 vol.
883 2164 924 2196 II.
951 2163 1040 2196 thes.
1080 2163 1198 2196 XXV.
1228 2162 1317 2196 Huic
1353 2163 1551 2196 sententiae

120 2225 305 2258 Rousscau
343 2224 522 2258 adhaeret.
558 2224 594 2258 Si
622 2235 727 2269 quam
754 2223 895 2268 privatis
923 2222 1069 2267 largitur
1095 2222 1346 2267 proprietatem
1375 2221 1553 2263 stabilem,

121 2283 212 2317 hanc
238 2283 297 2316 dat
323 2294 464 2329 semper
490 2291 525 2317 et
550 2282 655 2328 plene
682 2282 947 2327 dependentem
975 2293 994 2314 a
1019 2289 1122 2322 statu,
1149 2282 1260 2326 quiin
1284 2282 1357 2315 eius
1377 2281 1553 2315 sententia

123 2343 205 2377 iuris
223 2343 444 2388 proprietatis
464 2351 516 2377 est
540 2342 621 2376 fons
648 2354 709 2376 seu
729 2341 938 2386 principium
959 2341 1133 2386 primum:
1155 2342 1233 2374 vide
1254 2349 1365 2374 contr.
1385 2352 1457 2375 soc.
1477 2340 1497 2373 l.
1525 2352 1552 2373 1.

124 2413 152 2436 c.
172 2413 203 2448 9.
225 2401 280 2437 Cf.
307 2414 421 2448 super,
441 2401 511 2435 vol.
541 2402 583 2436 ΙΙ.
612 2402 701 2435 thes.
731 2401 866 2434 XXIX.

196 2462 253 2507 (2)
281 2462 406 2497 Contr.
433 2473 505 2496 soc.
533 2461 554 2495 l.
588 2472 614 2494 1.
642 2461 697 2494 ch.
727 2459 757 2494 6.
