1705 2787
622 71 883 126 „453-

42 194 123 222 nae
157 190 254 220 tum
288 177 503 220 naturalis
516 189 616 219 tum
640 177 868 233 positivae,
887 187 1020 232 atque
1044 175 1089 217 in
1118 175 1259 231 ipsam
1285 174 1455 217 Christi

41 249 284 292 Ecclesiam
327 246 519 302 credere,
538 259 579 289 at
613 262 774 303 negare
809 245 1053 288 Ecclesiam
1083 260 1175 286 esse
1199 245 1458 286 societatem

40 318 280 377 perfectam
324 333 372 360 ac
419 333 689 375 supremam,
725 319 866 359 immo
902 315 1171 359 contendere
1226 331 1323 357 eam
1362 330 1456 357 esse

41 406 63 432 a
97 390 222 433 Statu
259 387 599 445 dependentem.
627 406 646 428 ‹<
674 388 774 441 Alii,
800 388 1044 445 quominus
1074 386 1267 428 Ecclesia
1291 387 1346 428 sit
1371 401 1462 428 non

43 472 309 518 repugnant,
349 475 493 517 neque
517 460 636 501 enim
671 472 866 516 possent:
903 459 942 500 ei
976 470 1125 500 tamen
1156 469 1363 500 naturam
1398 458 1463 499 iu-

44 547 178 590 raque
212 531 389 588 propria
423 532 645 573 societatis
670 529 886 587 perfectae
911 530 1121 586 eripiunt,
1147 544 1225 571 nec
1250 529 1344 570 eius
1369 543 1463 570 esse

44 602 336 657 contendunt,
360 601 501 645 facere
538 603 670 658 leges,
695 601 902 657 iudicare,
928 601 1096 655 ulcisci,
1130 600 1204 643 sed
1239 600 1464 643 cohortari

43 675 287 728 dumtaxat,
311 673 510 727 suadere,
527 681 677 729 regere
702 688 780 715 sua
805 686 962 729 sponte
977 685 1019 715 et
1038 673 1267 714 voluntate
1293 670 1463 713 subiec-

43 759 127 790 tOS.
160 746 314 802 Itaque
337 744 511 787 divinae
547 744 730 786 huiusce
775 745 998 786 societatis
1020 756 1226 786 naturam
1251 743 1464 799 opinione

43 817 311 872 adulterant,
345 816 673 864 auctoritatem,
699 816 1022 871 magisterium,
1049 830 1231 857 omnem
1257 816 1349 856 eius
1375 813 1464 855 effi-

44 889 252 931 cientiam
287 898 530 929 extenuant
565 898 605 928 et
640 898 949 941 coangustant,
983 887 1073 928 vim
1108 886 1241 927 simul
1264 896 1464 942 potesta-

44 973 225 1017 temque
245 959 383 1001 civilis
403 959 676 1015 principatus
698 973 837 1014 usque
858 973 910 999 eo
931 970 1263 1013 exaggerantes,
1279 969 1327 999 ut
1351 957 1465 999 sicut

44 1047 181 1074 unam
206 1031 408 1088 quamvis
445 1045 466 1071 e
487 1028 898 1072 consociationibus
923 1030 1087 1070 civium
1107 1028 1386 1084 voluntariis,
1406 1029 1463 1070 ita

45 1102 287 1146 Ecclesiam
321 1102 405 1144 Dei
439 1101 521 1143 sub
556 1101 797 1158 imperium
843 1100 1151 1156 ditionemque
1195 1098 1463 1156 reipublicae

44 1173 319 1230 subiungant
338 1172 453 1231 (1).>›

131 1245 333 1287 Iamvero
367 1256 454 1286 tres
491 1243 571 1285 hos
607 1258 778 1285 errores
815 1242 1024 1295 refellere,
1059 1258 1218 1299 scopus
1253 1241 1350 1298 fuit,
1385 1257 1460 1284 seu

44 1316 341 1373 propositum,
376 1314 497 1372 quod
546 1316 591 1357 in
641 1314 724 1356 hoc
775 1313 1096 1356 conscribendo
1142 1313 1460 1370 qualicumque

45 1402 178 1444 opere
212 1385 467 1430 habuimus.

133 1457 200 1500 Ad
235 1458 433 1514 primum
467 1458 648 1516 quidem
683 1473 881 1501 errorem
917 1456 1215 1511 refutandum,
1241 1472 1289 1498 ea
1323 1457 1460 1499 maxi-

45 1546 116 1573 me
149 1529 311 1586 valent,
345 1545 456 1587 quae
490 1531 534 1572 in
570 1531 716 1586 primo
751 1530 980 1572 volumine
1030 1528 1221 1571 diximus
1270 1528 1321 1571 de
1370 1528 1465 1584 lege

45 1602 128 1645 Dei
161 1614 338 1644 aeterna
371 1617 418 1643 ac
453 1601 680 1659 de'prima
714 1602 808 1644 eius
844 1602 887 1642 in
924 1601 1126 1642 rationali
1152 1612 1349 1642 creatura
1370 1614 1465 1656 par-

45 1674 318 1731 ticipatione,
353 1689 464 1731 quae
500 1686 564 1716 est
599 1673 666 1716 lex
699 1673 845 1715 divina
880 1673 1107 1715 naturalis.

135 1744 340 1787 Alterum
374 1760 478 1787 vero
514 1760 711 1786 errorem
746 1743 945 1786 funditus
991 1756 1195 1785 evertunt
1244 1758 1305 1797 ea,
1355 1759 1465 1800 quae

46 1815 98 1858 de
133 1815 415 1858 revelationis
451 1816 637 1871 divinae,
673 1817 805 1857 etiam
839 1815 955 1856 illius
1006 1830 1115 1871 quae
1166 1830 1246 1871 pro
1291 1814 1465 1857 obiecto

48 1885 204 1929 habeat
239 1888 465 1944 mysteria,
500 1902 675 1929 necnon
711 1886 762 1929 de
787 1885 935 1928 debito
957 1884 1151 1927 divinam
1172 1885 1467 1942 amplectendi

47 1958 366 2001 revelationem
401 1973 449 2001 ac
484 1960 689 2015 religioni
726 1958 939 2001 rex-elatae
974 1957 1256 2014 adhaerendi,
1305 1959 1349 2000 in
1393 1973 1468 2000 vo-

48 2028 218 2072 lumine
254 2029 452 2073 secundo
489 2031 792 2086 exposuimus.

138 2099 348 2143 Tertium
383 2101 566 2144 demum
602 2100 850 2143 addidimus
886 2101 1112 2156 volumen,
1162 2101 1214 2144 ad
1264 2114 1468 2144 naturam

51 2172 273 2214 societatis
307 2185 406 2215 tum
442 2172 710 2215 domesticae
746 2185 839 2215 tum
869 2174 1005 2215 civilis
1031 2185 1129 2214 tum
1149 2173 1467 2215 ecclesiasticae

142 2395 188 2435 (1)
216 2394 334 2427 Verba
361 2393 461 2435 haec,
489 2395 578 2427 sicut
607 2404 641 2427 et
668 2394 819 2438 praeced
845 2395 927 2435 ntia,
956 2395 1142 2439 desumpta
1159 2404 1239 2428 sunt
1256 2407 1297 2427 ex
1315 2406 1368 2439 ep.
1391 2406 1467 2428 enc.

49 2450 182 2485 Leonis
210 2452 306 2486 XIII.
332 2452 502 2486 Libertas.
