1705 2787
750 87 1008 137 ‘'124⁶“

263 190 376 249 Apte
411 188 633 247 Taparelli
657 188 743 247 (1):
783 206 802 228 «
840 188 869 230 11
902 186 1034 245 padre
1070 186 1124 229 ha
1157 202 1217 230 un
1252 185 1389 230 dritto
1433 199 1586 243 perpe-

170 275 249 306 tuo
283 277 305 304 a
340 262 566 304 riverenza
601 258 652 302 ed
677 259 813 302 aiuto:
849 258 904 301 ha
928 257 1080 301 diritto
1104 256 1384 300 immutabile
1410 255 1587 298 nell’or-

170 333 271 376 dine
306 331 553 375 domestico
587 329 638 373 ad
675 328 947 373 obbedienza
1000 328 1145 372 finch'e
1181 328 1209 371 il
1245 327 1368 385 figlio
1402 325 1586 369 coabita:

172 404 225 446 ha
258 403 411 446 diritto
446 401 727 445 decrescente
761 399 814 444 ad
850 412 1052 443 ottenere
1096 401 1272 442 interna
1325 397 1533 441 adesione
1566 411 1589 439 a

172 475 468 532 proporzione
502 472 581 515 che
616 487 667 516 va
710 470 952 515 crescendo
1006 471 1077 514 nel
1124 470 1247 528 figlio
1297 470 1410 512 l'uso
1445 468 1486 511 di
1522 483 1589 511 ra-

171 547 317 603 gione.
356 563 375 585 »

259 617 312 658 V.
348 614 586 672 Agendum
619 614 800 658 tandem
836 626 902 657 est
937 612 988 657 de
1021 614 1191 656 termino
1241 612 1373 656 huius
1424 611 1588 669 patriae

171 687 417 746 potestatis,
451 684 503 729 de
533 686 585 728 iis
619 701 794 742 nempe,
818 701 930 743 quos
954 698 1148 744 potestas
1181 685 1254 728 illa
1288 682 1590 742 respicit,qui-

171 774 256 816 que
290 768 499 800 tenentur
533 768 800 814 potestatem
835 757 879 799 in
914 756 1170 814 parentibus
1214 757 1480 799 existentem
1524 768 1589 797 re-

171 829 326 872 vereri.
360 829 442 870 Hic
477 840 627 870 autem
663 842 753 870 non
788 843 972 885 agemus
1007 827 1058 871 de
1093 827 1255 883 officio,
1290 842 1379 885 quo
1415 825 1494 868 filii
1528 836 1590 867 te-

172 912 351 955 nentur,
385 898 642 957 parentibus
679 898 927 942 obediendi:
965 899 1016 942 de
1052 899 1134 942 hoc
1178 900 1298 942 enim
1348 897 1494 940 officio
1527 896 1590 939 lo-

173 986 362 1031 quemur
396 972 441 1013 in
476 970 590 1013 thesi
624 983 851 1029 sequente.
907 970 1020 1014 Illud
1069 972 1218 1028 potius
1253 969 1590 1023 incumbimus,

172 1054 440 1102 potestatem
476 1041 587 1084 hanc
621 1057 643 1084 a
678 1054 834 1084 natura
871 1042 963 1099 ipsa
1005 1041 1261 1099 parentibus
1317 1055 1591 1107 concessam,

173 1131 275 1157 cum
310 1115 366 1157 sit
399 1128 555 1157 verum
589 1114 673 1170 ius,
709 1115 900 1171 exigere,
950 1129 1004 1156 ne
1055 1115 1152 1172 quis
1200 1114 1246 1156 in
1280 1112 1590 1156 educationem

174 1185 372 1228 filiorum
406 1185 556 1227 invitis
591 1184 847 1242 parentibus
871 1200 916 1226 se
941 1200 986 1226 se
1011 1183 1174 1227 directe
1193 1185 1380 1241 ingerat,
1414 1198 1467 1225 ne
1492 1182 1590 1240 quis

174 1272 270 1299 eam
303 1256 372 1299 vel
405 1271 456 1298 ex
489 1268 586 1299 toto
616 1257 684 1299 vel
719 1272 769 1300 ex
803 1269 927 1314 parte
961 1255 1043 1299 sibi
1078 1268 1277 1313 usurpet,
1321 1272 1375 1298 ne
1410 1256 1507 1313 quis
1542 1254 1591 1297 li-

175 1326 280 1370 bero
313 1329 544 1385 potestatis
595 1327 841 1386 praedictae
891 1328 1099 1371 exercitio
1139 1326 1357 1370 directum
1406 1324 1591 1383 impedi-

173 1410 379 1441 mentum
412 1411 617 1457 apponat.

263 1471 316 1515 Et
350 1485 468 1527 sane,
502 1470 680 1529 quando
716 1483 872 1514 natura
906 1472 997 1528 ipsa
1018 1469 1217 1513 officium
1241 1468 1465 1527 quoddam
1491 1482 1591 1525 pro-

174 1543 266 1600 prie
299 1557 346 1584 ac
380 1541 544 1585 directe
577 1543 707 1586 alicui
743 1543 1004 1598 committit,
1039 1557 1091 1584 eo
1126 1543 1223 1599 ipso
1258 1542 1416 1584 ceteris
1450 1541 1592 1598 impo—

174 1613 240 1655 nit
284 1611 620 1669 obligationem,
670 1628 760 1655 non
811 1628 856 1654 se
908 1612 1072 1655 directe
1121 1610 1403 1654 immiscendi
1437 1611 1481 1653 in
1517 1611 1592 1653 tali

175 1698 376 1739 munere,
410 1685 611 1742 quamvis
646 1683 697 1727 de
731 1700 918 1727 munere
942 1696 1096 1741 agatur
1120 1699 1304 1741 prorsus
1329 1683 1592 1739 necessario,

175 1756 300 1798 cuius
335 1755 501 1798 scilicet
534 1756 786 1814 impletioni
820 1769 976 1799 natura
1009 1756 1094 1798 alio
1127 1755 1204 1798 illo
1240 1767 1367 1813 pacto
1385 1753 1591 1812 providit.

176 1828 313 1885 Atqui
347 1839 503 1870 natura
549 1829 642 1885 ipsa
675 1827 932 1885 parentibus
981 1828 1159 1885 proprie
1192 1842 1239 1869 ac
1274 1826 1438 1870 directe
1471 1841 1593 1868 com-

175 1900 314 1942 mittit
347 1898 657 1943 educationem
683 1900 896 1956 filiorum,
932 1912 979 1943 ut
1015 1900 1253 1957 probatum
1288 1912 1366 1942 est.
1402 1899 1520 1955 Ergo
1540 1913 1592 1940 eo

176 1972 273 2029 ipso
307 1971 527 2029 prohibet,
562 1989 617 2015 ne
652 1973 723 2016 alii
759 1972 923 2017 directe
957 1974 1001 2016 in
1050 1972 1299 2015 illiusmodt
1347 1976 1512 2014 munus
1547 1985 1592 2012 se

176 2057 220 2084 se
255 2044 472 2100 ingerant.

266 2114 333 2157 Ad
367 2131 478 2172 quae
512 2116 789 2174 illustranda,
825 2132 984 2174 operae
1017 2117 1212 2174 pretium
1247 2128 1326 2172 est,
1376 2114 1592 2158 subiicere

180 2186 534 2242 responsionem,
560 2202 693 2244 quam
728 2203 761 2230 s.
797 2187 998 2230 Thomas
1024 2187 1097 2244 (2)
1130 2185 1308 2244 praebet
1342 2185 1592 2243 quaestioni

250 2411 297 2450 (ι)
324 2409 363 2443 In
390 2409 459 2446 loc.
485 2421 580 2457 saep.
610 2412 667 2446 cit.

249 2472 297 2508 (2)
327 2468 365 2501 In
396 2479 425 2502 2.
455 2479 487 2505 2.
513 2481 546 2515 q.
579 2481 631 2504 ro.
658 2483 688 2505 a.
720 2481 773 2506 12.
