1705 2787
218 177 313 219 Iesu
351 177 401 220 ad
437 178 633 220 Leonem
667 179 801 234 XIII„
836 179 911 235 qui
946 177 1081 221 modo
1115 177 1259 222 eidem
1293 191 1480 236 praeest,
1527 190 1625 222 tum

216 251 310 291 eius
345 249 551 292 adversus
586 250 833 294 inferorum
868 264 1015 308 portas
1051 250 1238 294 firmitas
1263 262 1305 293 et
1326 252 1622 308 conservati07

217 321 306 361 imo
341 332 382 362 et
415 322 689 377 propagatio,
724 334 822 364 tum
856 321 1055 364 eiusdem
1078 324 1287 365 sanctitas
1313 334 1354 364 et
1378 337 1628 379 numquam

215 390 459 433 desinentia
494 393 721 449 miracula,
755 408 801 435 ac
822 406 963 436 cetera
988 393 1193 450 denique,
1219 408 1329 450 quae
1354 391 1508 435 dicunt
1533 407 1626 436 cre-

215 462 441 506 dibilitatis
476 465 657 521 motiva,
692 464 927 522 divinaque
961 477 1065 507 sunt
1098 465 1305 507 omnium
1340 464 1479 506 oculis
1506 465 1629 506 testi-

215 535 379 577 monia.
414 535 476 577 Ex
510 536 642 578 altera
678 548 799 593 parte
834 535 1173 579 considerentur
1200 537 1327 593 origo
1351 535 1531 578 illarum
1554 550 1620 578 se-

213 619 400 662 ctarum,
433 608 617 650 variatio
652 607 893 664 doctrinae,
928 608 1067 650 malae
1102 620 1216 650 artes
1252 606 1414 665 quibus
1460 607 1626 649 consti-

213 690 332 720 tutae
356 690 462 720 sunt
495 691 537 720 et
570 678 779 721 adversus
814 678 1058 721 catholicos
1094 690 1422 735 pugnaverunt,
1447 677 1625 721 ariditas

212 749 565 806 spi1·ituS‚carnis
590 750 910 808 lucrorumque
929 750 1247 807 temporalium
1267 749 1482 803 studium,
1505 749 1626 793 nulla

213 835 311 862 vera
346 820 573 876 miracula,
618 821 740 863 nulla
783 820 1073 878 foecunditas,
1108 834 1183 864 aut
1216 820 1491 865 foecunditas
1526 833 1619 865 tur-

212 890 340 947 pibus
375 890 518 933 modis
563 905 829 948 comparata,
883 905 1141 950 ceteraeque
1196 893 1407 949 maculae⁷
1463 892 1624 951 quibus

213 977 505 1020 unaquaeque
525 978 575 1005 ex
599 963 650 1005 iis
671 965 799 1006 sectis
825 963 1021 1007 inficitur
1045 964 1132 1022 (1).
1158 965 1251 1017 Qui
1276 965 1450 1007 sincero
1474 964 1625 1006 animo

215 1033 317 1076 haec
353 1035 502 1076 omnia
538 1034 780 1091 perpendat
813 1035 1035 1092 simulque
1070 1048 1324 1092 componat,
1359 1036 1393 1077 is
1427 1034 1625 1092 profecto

214 1104 465 1160 concludet,
504 1120 654 1148 veram
704 1106 872 1149 Christi
907 1107 1147 1149 Ecclesiam
1184 1122 1274 1149 non
1308 1122 1402 1149 esse
1436 1107 1521 1150 nisi
1554 1121 1620 1149 ca-

212 1176 422 1219 tholicam
458 1177 715 1222 Ecclesiam.

328 1249 614 1305 Quapropter
648 1249 731 1291 sub
780 1249 1023 1292 directione
1071 1250 1362 1305 auctoritatis,
1412 1264 1524 1306 quae
1558 1264 1624 1292 ca-

211 1318 400 1361 tholicae
435 1319 653 1362 Ecclesiae
688 1333 874 1377 praeest,
909 1319 1037 1363 debet
1077 1322 1262 1363 societas
1297 1320 1451 1376 civilis,
1485 1335 1622 1378 aeque

211 1405 257 1432 ac
291 1390 429 1432 homo
463 1389 736 1447 individuus,
771 1392 943 1434 cultum
977 1393 1073 1434 Deo
1109 1390 1327 1434 exhibere.

329 1462 543 1514 Quaeres:
579 1461 700 1519 quid,
735 1463 770 1504 si
805 1461 857 1505 ad
892 1462 1089 1519 religiosi
1120 1462 1265 1505 cultus
1302 1463 1521 1505 rationem
1546 1461 1617 1505 de-

210 1532 538 1576 terminandam
563 1535 683 1577 nulla
707 1547 821 1577 esset
841 1536 1082 1586 auctoritas
1106 1534 1320 1577 divinitus
1344 1535 1617 1578 constituta
1605 1536 1622 1567 2

210 1629 261 1633 —
297 1603 578 1661 Respondeo:
615 1618 764 1662 posset
798 1619 903 1648 tunc
937 1619 1070 1664 atque
1104 1605 1212 1648 adeo
1249 1604 1428 1648 deberet
1467 1620 1620 1662 supre-

210 1690 309 1718 mus
345 1678 566 1719 societatis
587 1679 725 1720 civilis
761 1690 904 1720 rector
924 1677 1158 1735 praefinire
1182 1693 1229 1719 ac
1254 1678 1504 1734 praecipere
1528 1691 1619 1719 cer-

208 1759 297 1788 tam
330 1747 525 1804 aliquam
560 1746 725 1804 publici
760 1748 905 1791 cultus
954 1749 1174 1790 rationem
1229 1750 1352 1790 iuxta
1408 1747 1620 1790 naturalis

208 1818 314 1874 legis
349 1819 562 1875 principia
598 1834 645 1860 ac
679 1818 934 1862 dictamina.

326 1890 389 1932 Ex
422 1890 500 1932 hac
535 1890 649 1932 thesi
668 1890 767 1933 fluit
792 1891 1079 1934 corollarium
1104 1892 1323 1934 momenti
1347 1889 1544 1945 maximi,
1568 1888 1620 1931 de
1643 1892 1647 1895 ’

207 1976 297 2018 quo
330 1977 512 2017 agemus
545 1963 589 2004 in
623 1962 736 2004 thesi
771 1975 999 2020 sequente.
1034 1963 1194 2019 Agitur
1229 1960 1383 2004 dehac
1406 1959 1621 2003 solvenda

208 2037 493 2090 quaestione:
529 2061 581 2065 —
618 2047 774 2077 utrum
808 2035 851 2076 in
887 2035 1002 2077 civili
1035 2035 1244 2077 societate
1271 2032 1447 2076 libertas
1473 2031 1618 2075 cultus

206 2106 344 2160 possit
379 2105 584 2149 concedi:
624 2133 674 2137 --
712 2118 862 2148 utrum
900 2106 1057 2148 saltem
1092 2106 1272 2148 tolerari
1308 2105 1459 2162 possit.

276 2477 332 2521 (1)
360 2478 450 2511 'Vide
479 2478 662 2523 Tarquini,
690 2478 772 2512 iuris
802 2478 927 2512 eccles.
954 2479 1047 2523 publ.
1076 2480 1224 2513 institut.
1255 2490 1351 2512 1111111.
1379 2476 1433 2512 62.
