1705 2787
689 80 743 88 '⁶
779 68 862 112 347
898 79 951 86 ““

106 160 375 205 reverendos
411 175 661 218 eorumque
695 162 812 203 iussa
848 159 1072 217 implenda
1109 171 1416 215 moverentur,
1436 175 1526 202 non

105 234 278 276 motivo
312 231 446 275 officii
481 245 522 274 et
556 232 738 275 moralis
774 231 1059 289 obligationis
1095 231 1239 289 (quod
1265 232 1441 274 nullum
1462 243 1527 274 est

102 320 184 362 pro
216 305 284 361 iis,
317 304 393 361 qui
426 304 575 346 Deum
595 304 742 346 omnis
769 302 1055 359 obligationis
1078 302 1251 345 fontem
1275 318 1368 344 non
1403 317 1524 344 reco-

101 375 363 433 gnoscunt),
378 373 453 417 sed
471 374 790 417 tantummodo
804 386 926 417 metu
942 374 1119 417 illarum
1134 388 1398 431 poenarum,
1414 389 1523 431 quas

100 461 177 488 rex
209 445 347 488 civilis
381 444 630 486 minitatur.
668 462 688 483 «
715 445 773 486 At
797 445 948 500 timor,
972 445 1120 501 inquit
1141 459 1174 486 S.
1202 443 1404 486 Thomas
1428 443 1517 503 (Ι),

99 528 166 559 est
197 515 322 559 debile
354 514 716 558 fundamentum.
765 516 882 558 Nam
938 516 1016 573 qui
1052 516 1213 558 timore
1247 514 1521 572 subduntur,

97 588 133 630 si
167 598 370 630 occurrat
404 587 593 641 occasio,
628 602 711 643 qua
747 587 920 643 possint
954 587 1273 643 impunitatem
1323 602 1515 644 sperare,

96 670 249 702 contra
282 657 582 716 praesidentes
617 658 858 714 insurgunt
894 673 945 700 eo
980 657 1224 714 ardentius,
1260 674 1349 715 quo
1374 660 1518 715 magis

96 743 251 774 contra
284 730 565 774 voluntatem
600 745 651 772 ex
669 731 767 772 solo
792 731 954 772 timore
975 729 1317 773 cohibebantur:
1344 732 1458 773 sicut
1483 732 1517 773 si

93 818 207 860 aqua
240 817 316 860 per
348 801 607 845 violentiam
641 801 910 855 includatur,
946 817 1048 844 cum
1072 800 1243 844 aditum
1279 803 1515 859 invenerit,

93 873 390 930 impetuosius
425 871 538 915 fluit.
574 871 658 914 Sed
692 887 771 914 nec
806 873 897 929 ipse
946 873 1082 914 timor
1132 885 1247 914 caret
1298 873 1512 929 periculo,

93 961 196 988 cum
210 961 261 988 ex
275 945 416 987 nimio
434 945 596 986 timore
610 943 810 1001 plerique
826 945 869 986 in
885 943 1243 1001 desperationem
1258 943 1513 988 inciderint:
1538 978 1543 983 .

92 1017 245 1060 salutis
280 1028 431 1059 autem
479 1015 728 1073 desperatio
777 1015 982 1058 audacter
1016 1015 1068 1058 ad
1104 1015 1326 1073 quaelibet
1370 1028 1511 1059 atten-

94 1087 225 1132 tanda
258 1089 582 1146 praecipitat.»
630 1089 781 1141 Quare
819 1087 1061 1145 respublica
1099 1087 1364 1145 sibimetipsi
1408 1104 1513 1131 con-

91 1161 198 1204 sulit
231 1174 405 1218 suoque
439 1161 653 1218 prospicit
690 1159 822 1214 bono,
857 1160 1035 1217 quando
1090 1161 1239 1203 Deum
1289 1160 1509 1202 socialiter

90 1232 209 1276 colit:
245 1247 391 1291 neque
426 1231 526 1275 ideo
560 1243 754 1287 tantum,
789 1231 909 1288 quod
945 1233 1093 1274 Deum
1128 1232 1333 1273 omnium
1370 1230 1509 1274 bono—

89 1321 192 1350 rum
214 1305 387 1348 fontem
406 1303 489 1348 sibi
514 1304 720 1347 conciliat
744 1320 792 1346 ac
817 1305 1063 1361 propitium
1089 1303 1246 1358 reddit,
1271 1302 1348 1346 sed
1372 1305 1507 1346 etiam

91 1379 192 1436 quia
226 1378 342 1421 cives
377 1376 508 1419 efficit
541 1392 642 1419 vere
678 1376 834 1419 firmos
868 1389 1000 1434 atque
1046 1388 1279 1433 promptos
1316 1375 1368 1417 ad
1403 1391 1508 1418 con-

86 1460 279 1491 stantem
314 1446 513 1490 civilium
537 1446 689 1504 legum
715 1459 756 1489 et
779 1446 952 1489 socialis
975 1445 1143 1489 ordinis
1170 1444 1433 1502 custodiam,
1453 1461 1504 1489 ex

85 1535 169 1578 qua
203 1518 322 1562 salus
357 1520 497 1561 totius
533 1518 800 1575 reipublicae
836 1517 1069 1575 dependet.

173 1590 256 1649 5.⁰)
290 1591 407 1633 Hinc
431 1589 546 1646 apud
570 1605 726 1633 ornnes
760 1603 914 1647 gentes
949 1604 1200 1647 numquam
1234 1605 1326 1632 non
1360 1591 1503 1646 viguit

83 1662 288 1720 publicus
337 1662 496 1720 aliquis
547 1662 791 1705 divinitatis
843 1662 1002 1704 cultus:
1038 1663 1281 1703 extiterunt
1327 1676 1501 1718 semper

83 1733 349 1789 sacerdotes,
384 1734 512 1790 ritu37
547 1732 775 1788 sacrificia,
810 1732 988 1788 templa,
1023 1733 1146 1787 signa
1168 1732 1312 1789 aliqua
1347 1731 1399 1774 ad
1432 1747 1504 1774 su-

85 1819 286 1862 premam
322 1803 460 1848 modo
495 1803 677 1862 publico
712 1803 989 1847 divinitatem
1025 1802 1445 1859 recognosce-udam.
1471 1804 1505 1846 Ii

83 1877 220 1919 etiam
254 1876 421 1919 ethnici
444 1875 716 1933 philosophi,
736 1877 811 1933 qui
836 1877 879 1917 in
915 1891 996 1917 suo
1017 1874 1147 1917 corde
1174 1876 1503 1932 superstitiosas

151 2095 208 2140 (1)
233 2096 290 2130 De
316 2097 442 2142 regim.
469 2097 586 2130 Princ.
614 2097 635 2131 l.
656 2108 683 2130 1.
713 2109 729 2129 c
774 2107 825 2130 ιο.
855 2116 896 2120 -
926 2096 1164 2138 Machiavclli,
1205 2097 1236 2130 Ia
1266 2102 1371 2130 mensa
1398 2096 1433 2130 di
1459 2108 1503 2129 un

90 2166 191 2188 uomo
219 2155 255 2188 di
280 2159 368 2189 stato
397 2155 418 2189 l.
450 2166 478 2189 1.
504 2167 532 2189 e.
565 2166 614 2189 12.
644 2156 674 2199 ξ.
700 2166 743 2197 4.,
772 2156 834 2189 ait:
865 2168 878 2184 (ι
908 2154 1026 2195 Qut-lli
1053 2157 1200 2200 principi
1229 2168 1247 2189 e
1286 2155 1402 2200 quc-lle
1446 2167 1503 2189 re—

84 2203 262 2269 publiche{
289 2217 355 2250 che
383 2218 411 2251 si
438 2215 613 2260 vogliono
641 2225 851 2250 mantencre
879 2215 1085 2257 incon-otte,
1123 2215 1245 2249 hauno
1284 2227 1389 2260 sopra
1417 2217 1501 2260 ogni

81 2275 169 2310 altra
197 2287 281 2310 cosa
309 2289 328 2311 a
355 2285 566 2311 mantenere
595 2277 790 2310 izicorrottc
820 2275 851 2308 le
892 2276 1087 2309 cerimouie
1130 2275 1221 2309 della
1265 2275 1438 2320 religione
1482 2287 1500 2309 e

80 2335 217 2370 tenerle
244 2346 387 2381 sempre
414 2335 509 2370 nella
537 2336 614 2369 loro
640 2336 894 2369 venerazione.
922 2335 1057 2369 perche
1085 2347 1242 2369 ncssuno
1262 2336 1427 2380 maggior
1445 2336 1500 2368 in—

83 2397 177 2430 dizio
206 2397 234 2430 si
263 2405 371 2441 puotc
400 2408 506 2430 avere
533 2396 626 2430 della
653 2396 776 2429 rovina
805 2396 835 2428 di
866 2407 934 2429 uua
977 2396 1158 2439 provincia
1187 2395 1252 2428 che
1292 2396 1400 2428 veder
1444 2395 1498 2428 di—

76 2455 259 2501 spregiato
286 2454 310 2489 il
336 2455 432 2490 culto
460 2455 593 2489 divino.
621 2470 635 2487 »
