1705 2787
685 110 738 116 ...-
778 96 793 127 Ῑ
806 100 822 114 -ι
832 98 857 114 ν-,
893 109 945 116 .-.-,

804 115 849 141 >l

95 186 264 246 effusio,
297 190 573 247 propagatio,
611 191 890 235 continuatio
923 193 1072 250 patris:
1094 206 1159 237 est
1182 192 1519 252 quodammodo

93 276 191 318 pars
226 261 336 313 eius,
391 272 440 303 ut
474 261 532 303 ait
580 262 841 305 Aristoteles
876 262 964 321 (1),
1019 268 1156 323 ὥσπερ
1204 267 1323 323 μέρος
1370 269 1516 310 <now-3:

43 355 46 360 .
95 345 216 390 pater
250 333 357 376 vivit
389 332 532 376 adhuc
567 347 788 391 superstes
843 336 888 378 in
943 335 1060 392 filiis,
1095 338 1218 394 queis
1253 335 1372 380 dedit
1406 352 1518 393 esse,

95 405 214 447 iuxta
249 403 357 447 illud
392 404 686 447 Ecclesiastici
720 405 808 464 (2),
844 424 864 447 «
901 406 1109 450 Mortuus
1144 420 1209 450 est
1253 420 1375 465 pater
1427 408 1520 450 eius

97 488 138 519 et
173 477 297 534 quasi
332 491 422 518 non
457 488 522 518 est
557 489 778 532 mortuus,
824 478 1017 520 similem
1051 479 1170 521 enim
1207 478 1384 537 reliquit
1435 477 1520 522 sibi

95 558 195 604 post
228 562 316 588 se.»
353 546 504 598 Quare
540 544 653 588 bona
692 546 763 588 illa
798 545 960 589 habent
995 547 1231 591 dominum
1257 547 1419 591 infiliis
1445 547 1521 606 qui

96 630 351 675 supersunt:
407 632 513 674 ergo
569 632 621 659 eo
656 617 775 674 q'uod
811 630 932 675 pater
981 618 1033 661 ab
1082 620 1292 662 intestato
1326 619 1520 677 decedat,

101 689 446 747 haudquaquam
481 688 674 732 evadunt
710 689 876 732 nullius
901 690 987 749 (3).

188 761 232 804 Si
267 759 344 804 filii
378 759 537 816 desint,
563 772 669 803 tunc
695 762 953 804 naturaliter
974 777 1131 805 eorum
1158 763 1255 806 loco
1274 763 1521 809 succedunt

101 831 319 890 gradatim
363 833 408 888 ii,
453 833 529 889 qui
573 844 697 875 erant
746 832 1008 876 arctioribus
1059 835 1288 892 sanguinis
1332 836 1522 880 vinculis

99 904 393 962 proprietario
418 904 661 959 coniuncti,
687 903 934 947 dummodo
959 905 1030 948 ille
1054 905 1105 949 de
1130 908 1220 949 suis
1248 905 1374 950 bonis
1399 909 1523 952 aliter

101 991 195 1019 non
229 974 513 1033 disposuerit.
547 975 705 1033 Neque
750 976 869 1018 enim
904 992 955 1019 ex
989 990 1171 1020 naturae
1206 978 1300 1036 lege
1347 992 1525 1025 tenetur

106 1047 238 1090 alicui
271 1046 518 1105 providere,
554 1047 639 1090 nisi
673 1047 735 1090 illi
784 1048 853 1091 vel
887 1048 986 1104 illis,
1032 1049 1193 1107 quibus
1245 1052 1524 1096 existentiam

99 1118 233 1164 dedit.
269 1117 406 1172 Quod
439 1120 476 1162 si
509 1120 831 1176 consanguinei
876 1119 1034 1177 desint,
1070 1133 1175 1164 tunc
1210 1122 1390 1180 quidem
1425 1140 1524 1168 suc·

97 1189 210 1233 cedit
252 1191 438 1233 societas
485 1189 639 1246 civilis,
689 1190 741 1233 ad
789 1206 922 1248 quam
973 1190 1207 1235 defunctus
1259 1193 1523 1250 pertinebat,

97 1272 252 1318 utpote
285 1259 349 1303 illi
383 1260 692 1318 propinquior.
719 1286 771 1291 -
807 1261 934 1314 Quae
970 1262 1120 1303 onmia
1155 1261 1373 1318 legislatio
1398 1264 1517 1321 posi·

97 1333 199 1388 tiva,
218 1333 260 1374 in
297 1331 488 1374 naturali
522 1343 671 1374 tamen
695 1332 790 1375 iure
819 1331 1013 1387 fundata,
1040 1332 1295 1376 moderatur
1321 1350 1366 1376 ac
1393 1336 1520 1392 regit.

190 1418 284 1460 143.
319 1403 564 1446 SCHOLION.
598 1404 695 1446 Hoc
720 1404 764 1446 111
789 1403 960 1446 scholio
985 1403 1091 1447 duas
1126 1405 1351 1448 solvemus
1386 1422 1520 1464 quae-

97 1477 279 1531 stiones,
313 1474 365 1518 de
399 1474 559 1533 quibus
595 1491 685 1518 non
721 1488 785 1518 est
820 1477 1007 1519 0111111110
1042 1476 1278 1520 silendum.

185 1549 216 1591 Ι.
251 1549 300 1591 In
336 1548 461 1590 omni
494 1548 704 1591 societate
739 1549 854 1591 civili
880 1561 983 1592 sunt
1010 1549 1126 1606 leges
1152 1550 1380 1606 positivae,
1405 1566 1519 1608 quae

96 1619 352 1679 parentibus
386 1620 676 1678 praecipiunt,
727 1633 775 1663 ut
819 1633 983 1663 certam
1027 1636 1209 1664 suarum
1259 1620 1516 1665 divitiarum

96 1703 266 1749 partem
302 1689 402 1734 siliis
436 1691 481 1733 in
507 1690 824 1734 haereditatem
850 1692 1114 1749 relinquant.
1141 1694 1351 1736 Parentes
1378 1695 1515 1751 igitur

163 1887 219 1933 (1)
246 1888 360 1923 Ethic.
387 1887 483 1922 VIII.
514 1897 565 1930 12,
595 1897 629 1922 61
657 1886 699 1922 V.
727 1884 758 1921 6.

165 1948 221 1992 (2)
249 1948 335 1993 Cap.
364 1948 475 1982 XXX.
506 1960 537 1981 v.
566 1958 597 1989 4.

165 2007 221 2052 (3)
248 2007 304 2042 Ob
332 2006 532 2041 naturalem
572 2006 809 2041 arctissimam
850 2006 1142 2040 coniunctionem
1184 2015 1322 2052 patrem
1362 2005 1454 2041 inter
1482 2016 1516 2042 et

96 2063 219 2109 filium,
254 2065 303 2108 sit,
332 2075 369 2100 111
397 2066 656 2112 promissiones
685 2065 799 2100 sactae
827 2067 913 2110 patri
944 2077 1011 2110 qua
1040 2065 1098 2100 tali
1128 2066 1321 2107 (nimirum,
1348 2077 1420 2099 non
1449 2077 1517 2111 qua

95 2126 316 2161 individuum
345 2135 408 2169 est,
436 2126 498 2161 sed
526 2138 594 2172 qua
623 2135 722 2171 pater
749 2126 831 2169 est),
860 2125 1029 2159 defuncto
1070 2134 1178 2170 patre,
1217 2126 1286 2160 sint
1314 2124 1517 2170 implendae

95 2185 179 2220 filio.
209 2203 250 2211 -··
279 2187 376 2228 Quin
404 2187 477 2220 imo
507 2186 615 2220 etiam
644 2197 724 2219 cum
755 2185 870 2229 agitur
897 2185 939 2218 de
967 2185 1195 2219 successione
1224 2185 1266 2219 ad
1296 2196 1355 2219 eas
1399 2185 1517 2230 digni-

94 2253 184 2279 tates
212 2257 273 2279 seu
301 2257 459 2287 munera,
488 2256 578 2290 quae
608 2253 708 2289 pater
735 2244 880 2277 1761611111
921 2244 966 2277 ob
993 2243 1223 2288 personalem
1264 2243 1518 2278 dexteritatem

95 2313 153 2338 aut
178 2304 346 2338 virtutem
374 2312 432 2338 aut
460 2304 658 2345 scientiam,
686 2302 776 2336 solet
797 2303 886 2336 ratio
908 2302 1027 2336 haberi
1057 2301 1228 2336 naturalis
1250 2301 1342 2336 illius
1365 2302 1516 2337 coniun-

96 2362 239 2396 ctionis:
268 2363 434 2408 quamvis
461 2362 550 2397 haec
578 2374 650 2396 non
677 2362 818 2403 tribuat,
847 2370 882 2394 ut
910 2370 1018 2406 patet,
1047 2360 1127 2394 siliis
1156 2361 1208 2394 ius
1248 2361 1290 2395 ad
1319 2361 1516 2395 succeden—

102 2423 197 2466 dum,
222 2431 343 2458 tamen
371 2423 499 2458 intuitu
527 2423 635 2469 ipsius
674 2421 851 2456 haudraro
887 2420 946 2454 filii
982 2420 1024 2455 ad
1053 2421 1318 2455 successionem
1346 2420 1379 2455 in
1408 2421 1516 2467 patris

93 2493 241 2517 munera
269 2495 331 2517 seu
360 2483 550 2528 dignitates
579 2482 822 2517 admittuntur.
