1705 2787
645 80 904 139 —183—

69 188 273 247 proxime
306 188 452 246 ipsam
487 200 713 232 aeternam
747 187 1002 232 felicitatem
1035 188 1149 230 vitae
1182 186 1371 240 futurae,
1413 182 1485 226 vel

66 261 209 318 ipsam
234 260 515 318 spiritualem
551 273 593 303 et
628 262 850 304 internam
884 259 1141 303 felicitatem
1176 256 1416 300 hominum
1440 255 1485 298 in

60 325 146 373 hac
180 331 282 374 vita.
316 331 437 374 Inter
472 331 580 374 alios
615 332 826 389 vero,qui
845 346 921 388 per
941 329 1164 373 defectum
1187 338 1350 382 errant,
1374 337 1479 368 sunt

64 401 141 457 illi,
179 402 255 459 qui
289 400 341 443 de
374 400 463 443 fine
498 401 685 444 civitatis
721 401 985 444 disserentes
1027 415 1080 442 ne
1114 412 1259 441 unum
1304 395 1486 454 quidem

66 471 254 515 verbum
290 471 454 515 habent
488 470 540 514 de
575 471 663 514 fine
698 473 872 527 ultimo,
909 487 1084 514 necnon
1119 470 1162 525 ii,
1197 469 1274 526 qui
1298 481 1485 524 scopum

67 543 271 601 politicae
315 543 538 585 societatis
573 543 793 586 collocant
826 544 870 585 in
918 557 1039 585 mera
1088 540 1313 583 bonorum
1347 549 1487 580 exter-

67 628 233 657 norum
282 614 422 671 copia,
470 613 539 657 vel
587 614 632 656 in
662 629 803 656 >mera
846 614 1097 668 securitate,
1146 610 1216 654 vel
1258 611 1304 652 in
1337 609 1486 666 aliquo

68 687 327 730 huiusmodi
375 702 496 730 mere
546 688 768 744 negativo,
818 686 886 729 vel
935 686 997 728 illi
1047 683 1361 738 rationalistae,
1411 681 1487 739 qui

68 773 170 800 cum
205 759 322 801 Kant
361 757 434 816 (1)
470 756 680 801 eumdem
730 769 955 814 reponunt
1005 758 1048 799 in
1094 767 1252 798 mutua
1296 764 1488 796 coarcta-

67 830 188 872 tione
238 841 279 872 et
328 829 561 872 harmonia
610 827 837 871 libertatis.
874 854 926 859 —
962 829 1112 880 Quam
1163 825 1273 868 bene
1307 823 1487 867 Tullius

68 902 111 943 in
147 902 348 944 oratione
383 916 463 958 pro
497 902 542 943 P.
578 901 728 943 Sextio
749 899 957 943 disseruit
991 899 1043 942 de
1068 898 1155 941 fine
1181 897 1387 955 politicae
1417 910 1487 937 so-

69 973 251 1015 cietatis:
291 990 311 1013 «
348 972 472 1026 Quid
507 984 572 1015 est
605 973 742 1029 igitur
777 972 1063 1029 propositum
1116 970 1183 1012 his
1219 966 1485 1025 reipublicae

70 1044 462 1103 gubernatoribus,
497 1043 617 1103 quod
651 1044 817 1087 intueri
851 1055 893 1086 et
927 1058 1016 1101 quo
1051 1056 1235 1084 cursum
1269 1055 1404 1083 suum
1424 1037 1487 1081 di-

74 1116 216 1173 rigere
250 1114 473 1160 debeant?
517 1114 560 1158 id
603 1113 723 1172 quod
767 1125 832 1156 est
883 1112 1318 1170 praestantissimum
1351 1109 1488 1151 maxi-

69 1202 286 1245 mumque
321 1185 513 1244 optabile
548 1184 760 1229 omnibus
785 1185 902 1228 sanis
927 1196 969 1226 et
995 1183 1123 1226 bonis
1147 1194 1189 1225 et
1224 1181 1375 1238 beatis,
1399 1197 1489 1224 cum

69 1257 261 1315 dignitate
295 1259 420 1300 otium
468 1256 554 1316 (2).
605 1258 703 1299 Hoc
737 1257 813 1314 qui
847 1255 1006 1298 volunt
1042 1269 1198 1297 omnes
1234 1253 1488 1310 optimates,

70 1330 146 1387 qui
180 1329 378 1372 efficiunt
411 1329 579 1372 summi
612 1329 696 1371 viri
729 1340 771 1371 et
804 1338 1140 1371 conservatores
1187 1324 1375 1368 civitatis
1410 1340 1489 1382 pu-

70 1412 234 1444 tantur.
267 1401 425 1458 Neque
459 1400 579 1442 enim
614 1414 767 1442 rerum
810 1397 1108 1455 gerendarum
1159 1396 1374 1453 dignitate
1409 1394 1488 1438 ho-

72 1472 215 1514 mines
250 1471 394 1514 efferri
426 1472 486 1514 ita
520 1471 745 1526 convenit,
780 1482 828 1512 ut
863 1469 955 1511 otio
982 1483 1072 1510 non
1096 1467 1382 1524 prospiciant:
1409 1481 1484 1508 ne-

72 1559 157 1601 que
192 1543 335 1587 ullum
370 1543 609 1601 amplexari
643 1543 787 1586 otium
814 1541 933 1599 quod
954 1539 1189 1582 abhorreat
1212 1554 1235 1580 a
1258 1537 1488 1595 dignitate.

71 1614 217 1657 Huius
252 1625 402 1657 autem
438 1614 608 1657 otiosae
642 1612 870 1670 dignitatis
906 1611 1011 1654 haec
1044 1608 1336 1652 fundamenta
1360 1620 1481 1660 sunt,

74 1685 179 1727 haec
212 1684 429 1741 membra,
453 1700 564 1743 quae
589 1683 753 1727 tuenda
778 1681 1052 1741 principibus
1078 1693 1119 1723 et
1142 1680 1210 1722 vel
1237 1679 1389 1736 capitis
1415 1695 1486 1737 pe-

77 1756 218 1799 riculo
252 1755 525 1800 defendenda
570 1767 688 1799 sunt:
735 1755 987 1811 religiones,
1036 1752 1244 1808 auspicia,
1293 1761 1488 1808 potestas

74 1828 435 1885 magistratuum,
470 1839 649 1870 senatus
674 1827 928 1879 auctoritas,
964 1824 1095 1880 legeS,
1131 1837 1230 1864 mos
1250 1822 1489 1877 maiorum,

144 2084 200 2129 (1)
231 2085 285 2118 De
313 2084 378 2118 hac
405 2083 524 2118 Kantii
546 2083 685 2118 theoria
721 2082 764 2117 cf.
795 2082 1012 2120 Liberatore,
1056 2080 1109 2113 ius
1138 2078 1270 2114 sociale
1296 2090 1396 2113 num.
1422 2088 1491 2121 42„

76 2144 132 2178 ubi
162 2155 242 2178 eam
269 2143 447 2177 theoriam
474 2141 613 2184 refellit,
642 2151 717 2176 tum
745 2153 788 2175 ex
816 2150 913 2185 parte
955 2140 1221 2184 principiorum,
1250 2139 1376 2184 quibus
1405 2139 1493 2172 inni-

73 2204 167 2246 titur,
200 2212 277 2238 tum
304 2214 347 2237 cx
373 2211 471 2248 parte
490 2202 600 2247 ipsius
621 2200 888 2246 propositionis,
908 2211 997 2245 quae
1019 2199 1221 2241 adstruitur,
1235 2207 1311 2232 tum
1331 2210 1373 2232 ex
1393 2207 1492 2243 parte

76 2261 360 2304 conclusionum,
388 2273 479 2307 quae
507 2261 588 2295 inde
616 2260 832 2294 derivantur.

166 2323 222 2367 (2)
253 2323 373 2357 Otium
400 2321 469 2356 hoc
496 2320 577 2355 loco
606 2320 775 2365 accipitur
802 2331 865 2364 pro
885 2318 1150 2364 tranquillitate,
1171 2329 1269 2364 pace,
1289 2316 1494 2352 securitate.

75 2382 212 2417 Eodem
241 2394 347 2417 sensu
376 2382 471 2415 idem
500 2381 640 2420 Cicero,
669 2382 703 2413 in
732 2379 752 2413 l.
787 2391 813 2414 1.
842 2379 924 2414 sam.
953 2391 1009 2425 ep.
1040 2380 1109 2421 28„
1137 2379 1233 2414 dixit:
1270 2391 1286 2410 a
1311 2379 1347 2413 Si
1387 2387 1493 2414 antea

75 2442 235 2478 auditum
263 2443 336 2477 erit.
366 2442 478 2477 otium
507 2452 585 2475 esse
614 2442 647 2474 in
676 2440 788 2487 Syria.
818 2455 830 2470 ι,
