1705 2787
779 113 825 116 “—
866 100 944 141 3.th

212 192 261 234 ad
298 190 514 248 triplicem
556 191 674 233 illam
726 203 989 248 potestatem
1042 204 1157 234 recte
1205 192 1512 235 exercendam0
1564 218 1616 224 -

210 265 322 305 ilinc
356 263 403 320 γ)
438 264 552 304 cives
587 264 869 305 securitatem
913 262 964 305 de
1014 275 1218 320 prompta
1267 264 1433 306 iurium
1480 264 1616 307 tutela

208 347 339 391 atque
360 334 583 376 constanti
604 332 772 376 ordinis
792 335 1129 377 conservatione
1148 332 1307 376 habere
1326 335 1397 376 vix
1420 347 1615 391 possent,

207 408 242 448 si
276 420 393 448 unus
430 404 640 462 idemque
675 420 750 462 per
785 405 980 461 seipsum
1016 416 1213 447 exerceat
1246 405 1326 447 tria
1361 404 1495 448 simul
1517 419 1614 448 mu-

201 493 320 533 nera,
341 477 604 533 legislatoris
639 475 796 519 iudicis
830 489 872 519 et
897 476 1181 519 exsecutoris,
1207 501 1260 508 —-
1284 475 1408 520 Adde
1430 476 1475 534 6)
1493 475 1612 535 quod

203 549 372 591 facilior
407 561 448 590 et
481 549 647 605 gratior
683 548 825 591 evadit
873 548 1151 606 gubernatio,
1206 547 1383 605 quando
1422 549 1465 590 in
1516 549 1610 591 eius

202 634 370 679 partem
405 621 546 662 maior
581 621 746 663 civium
781 635 996 663 numerus
1021 618 1275 663 advocatur.
1296 619 1491 663 -Unde
1509 619 1551 678 ε)
1565 620 1609 662 in

197 690 483 734 societatibus
518 693 649 734 etiam
684 692 826 748 parvis
863 690 1056 735 obtinuit
1091 707 1264 749 semper
1288 691 1433 749 aliqua
1456 706 1607 734 earum

200 775 477 820 potestatum
512 762 743 819 delegatio,
763 775 804 806 et
838 775 1162 821 consequenter
1181 762 1325 821 quoad
1349 763 1608 806 exercitium

196 1058 211 1075 a
232 1045 354 1079 Al1era
384 1055 504 1080 autem
533 1046 589 1080 die
605 1047 697 1081 sedit
716 1047 932 1092 Moyses‚.ut
951 1049 1122 1084 iudicaret
1140 1049 1321 1093 populum,
1344 1050 1401 1094 qui
1421 1050 1607 1085 assistebat

192 1104 313 1148 Moysi
344 1115 362 1137 a
389 1115 496 1138 mane
525 1116 637 1149 usque
665 1105 707 1138 ad
747 1117 949 1150 vesperam.
989 1107 1097 1148 Quod
1126 1118 1206 1140 cum
1243 1107 1391 1141 vidisset
1431 1116 1604 1152 cognatus

192 1163 278 1204 eius,
309 1163 430 1197 omnia
459 1163 593 1198 scilicet
621 1175 711 1209 quae
740 1164 866 1210 agebat
893 1165 929 1199 in
956 1165 1100 1210 populo,
1128 1166 1192 1200 ait:
1219 1166 1315 1207 Quid
1335 1174 1389 1200 est
1408 1165 1488 1208 hoc,
1508 1167 1602 1211 quod

191 1221 276 1256 sacis
303 1222 338 1255 in
364 1222 491 1267 plebe?
519 1222 591 1256 Cur
617 1223 713 1257 solus
750 1224 864 1265 sedes,
893 1233 926 1258 et
954 1225 1070 1259 omnis
1109 1224 1260 1270 populus
1298 1225 1535 1270 praestolatur
1561 1226 1603 1260 de

191 1293 295 1316 mane
324 1293 435 1327 usque
465 1283 507 1316 ad
535 1283 749 1328 vesperam?
778 1283 843 1317 Cui
874 1285 1057 1329 respondit
1084 1286 1250 1331 Moyses:
1271 1286 1381 1319 Venit
1399 1285 1441 1319 ad
1468 1296 1526 1319 me
1545 1297 1605 1331 po-

190 1339 292 1384 pulus
320 1351 494 1385 quaerens
522 1341 738 1375 sententiam
765 1341 843 1375 Dei.
873 1341 1037 1387 Cumque
1065 1343 1231 1376 acciderit
1259 1344 1308 1376 eis
1336 1342 1451 1388 aliqua
1470 1343 1605 1388 discep-

191 1400 290 1441 tatio,
318 1400 465 1434 veniunt
493 1400 536 1433 ad
565 1411 623 1434 me
651 1410 688 1434 ut
714 1401 868 1435 iudicem
894 1401 985 1435 inter
1025 1413 1098 1444 eos,
1128 1412 1162 1435 et
1188 1401 1376 1436 ostendam
1414 1410 1602 1446 praecepta

190 1460 256 1493 Dei
287 1468 319 1493 et
347 1459 445 1505 leges
474 1460 559 1494 eius.
589 1462 637 1495 At
663 1460 739 1496 ille:
766 1462 849 1495 Non
876 1462 1019 1504 bonam,
1046 1462 1169 1506 inquit,
1196 1472 1272 1494 rem
1298 1460 1400 1495 facis:
1427 1460 1535 1496 stulto
1549 1460 1602 1495 la-

189 1520 274 1552 bore
303 1519 525 1552 consumeris
553 1528 587 1553 et
613 1528 661 1561 tu,
690 1530 722 1554 et
756 1519 907 1566 populus
935 1521 1001 1554 iste
1040 1520 1098 1565 qui
1125 1529 1244 1554 tecum
1284 1529 1352 1554 est:
1392 1519 1481 1554 ultra
1507 1521 1600 1554 vires

188 1587 265 1612 tuas
295 1587 348 1612 est
375 1579 573 1622 negotium,
601 1578 698 1612 solus
726 1578 810 1612 illud
837 1590 910 1612 non
937 1579 1070 1623 poteris
1098 1580 1283 1613 sustinere.
1305 1578 1374 1612 Sed
1394 1578 1473 1612 audi
1492 1579 1599 1613 verba

188 1648 268 1671 mea
296 1646 401 1682 atque
429 1637 589 1680 consilia,
618 1647 651 1672 et
680 1639 743 1672 erit
771 1639 869 1672 Deus
897 1647 1027 1673 tecum.
1056 1639 1142 1673 Esto
1161 1648 1198 1672 tu
1217 1638 1350 1683 populo
1370 1639 1405 1672 in
1422 1638 1488 1681 his,
1508 1649 1598 1684 quae

188 1697 230 1730 ad
258 1696 377 1730 Deum
404 1698 593 1741 pertinent,
622 1707 661 1732 ut
684 1697 818 1732 referas
846 1710 937 1743 quae
958 1699 1122 1734 dicuntur
1139 1699 1181 1732 ad
1201 1699 1337 1732 Deum:
1357 1697 1597 1742 ostendasque

186 1754 319 1799 populo
348 1756 594 1789 caeremonias
623 1764 657 1790 et
683 1756 791 1789 ritum
829 1756 981 1799 colendi,
1021 1757 1188 1802 viamque
1215 1768 1277 1801 per
1314 1767 1422 1801 quam
1458 1756 1596 1800 ingredi

186 1814 350 1848 debeant.
376 1815 531 1849 Provide
559 1824 678 1850 autem
706 1816 749 1850 de
786 1817 884 1850 omni
911 1815 1014 1861 plebe
1040 1817 1137 1851 viros
1174 1825 1340 1861 potentes
1370 1823 1404 1849 et
1429 1815 1596 1849 timentes

182 1873 313 1914 Deum,
340 1872 376 1906 in
403 1873 527 1918 quibus
555 1874 598 1908 sit
624 1874 754 1908 veritas
783 1883 817 1908 et
843 1875 902 1919 qui
929 1874 1070 1910 oderint
1088 1875 1282 1916 avaritiam,
1301 1883 1334 1908 et
1354 1874 1530 1908 constitue
1550 1883 1595 1906 ex

185 1932 234 1966 eis
255 1933 413 1967 tribunos
433 1943 467 1967 et
487 1934 716 1968 centuriones
738 1944 771 1970 et
790 1936 1116 1982 quinquagenarios
1133 1945 1166 1971 et
1182 1936 1348 1977 decanos,
1366 1935 1424 1980 qui
1437 1935 1595 1970 iudicent

181 1991 354 2036 populum
382 1994 480 2027 omni
509 2002 689 2039 tempore:
718 1995 887 2040 quidquid
925 2004 1046 2030 autem
1073 1996 1187 2030 maius
1226 1994 1342 2037 fuerit,
1369 1994 1524 2029 referant
1551 1994 1593 2029 ad

182 2060 228 2092 te,
258 2060 292 2085 et
318 2052 382 2096 ipsi
410 2053 549 2087 minora
582 2055 834 2088 tantummodo
858 2055 1031 2089 iudicent:
1070 2054 1255 2099 leviusque
1282 2055 1328 2088 sit
1364 2054 1435 2096 tibi,
1462 2054 1592 2099 partito

184 2111 217 2143 in
246 2110 334 2145 alios
362 2123 483 2146 onere.
511 2113 546 2147 Si
573 2112 642 2147 hoc
671 2112 809 2156 feceris,
837 2114 1001 2159 implebis
1027 2115 1219 2161 imperium
1242 2114 1322 2155 Dei,
1351 2123 1387 2148 et
1402 2122 1592 2159 praecepta

183 2169 257 2202 eius
283 2170 417 2214 poteris
445 2179 663 2207 sustentare:
692 2181 726 2206 et
752 2173 870 2207 omnis
897 2173 953 2208 hic
980 2173 1131 2219 populus
1150 2181 1347 2207 revertetur
1368 2172 1410 2206 ad
1430 2170 1509 2206 loca
1528 2182 1591 2205 sua

181 2239 262 2262 cum
287 2240 384 2273 pace.
413 2230 551 2271 Quibus
579 2232 718 2274 auditis,
745 2234 893 2279 Moyses
911 2233 994 2269 fecit
1012 2235 1143 2276 omnia,
1165 2245 1254 2280 quae
1274 2234 1331 2268 ille
1351 2244 1590 2280 suggesserat·

180 2287 225 2322 Et
252 2287 373 2323 electis
400 2290 484 2323 viris
512 2291 665 2325 strenuis
693 2291 736 2325 de
775 2302 904 2329 cuncto
945 2293 1064 2335 Israel,
1104 2294 1286 2328 constituit
1315 2305 1377 2328 eos
1414 2295 1589 2339 principes

182 2346 314 2391 populi,
343 2348 503 2382 tribunos
532 2358 567 2383 et
593 2351 820 2385 centuriones
848 2361 882 2386 et
908 2352 1233 2397 quinquagenarios
1261 2361 1294 2386 et
1321 2352 1489 2387 decanos.
1516 2353 1586 2394 Qui

179 2407 384 2442 iudicabant
410 2408 554 2453 plebem
581 2411 678 2444 omni
706 2420 885 2456 tempore:
906 2412 1075 2458 quidquid
1096 2421 1215 2447 autern
1234 2414 1377 2457 gravius
1398 2423 1481 2456 erat,
1498 2414 1586 2448 refe-

182 2467 303 2502 rebant
333 2469 373 2502 ad
403 2480 496 2509 eum,
525 2469 684 2505 faciliora
711 2480 849 2505 tanturn
868 2472 1076 2508 iudicantes.
1098 2488 1112 2505 υ
